Symbol,Bids,,Asks,,Timestamp,Datetime
BTC/USDT,[[21171.8, 0.21050928], [21171.6, 0.00014191], [21170.3, 0.42735], [21170.2, 0.17625519], [21170.0, 0.35], [21169.9, 1.31333976], [21169.8, 0.35], [21169.7, 0.35], [21169.6, 0.6], [21169.4, 0.1702], [21169.1, 0.01160479], [21168.8, 0.35], [21168.7, 0.29980336], [21168.6, 0.17958542], [21168.5, 0.37378196], [21168.4, 0.44896336], [21168.3, 0.16921], [21168.2, 0.25], [21167.7, 0.35], [21167.5, 1.10870426]],[[21171.9, 2.42275197], [21172.0, 0.19105314], [21172.1, 0.47763263], [21172.5, 9.406e-05], [21172.8, 9.453e-05], [21173.4, 0.25137739], [21173.6, 0.02361436], [21174.0, 0.47243205], [21174.1, 1.18108], [21174.9, 0.49288], [21175.1, 0.01165541], [21175.3, 0.10953336], [21175.6, 0.1702], [21175.7, 0.2738332], [21176.4, 0.14916], [21176.5, 0.38819203], [21176.7, 0.1], [21176.8, 0.02415782], [21176.9, 0.97048], [21177.5, 0.1872711]],1673975261608,2023-01-17T17:07:41.608Z
BTC/USDT,[[21171.8, 0.21050928], [21171.6, 0.00014191], [21170.3, 0.42735], [21170.2, 0.17625519], [21170.0, 0.35], [21169.9, 1.31333976], [21169.8, 0.35], [21169.7, 0.35], [21169.6, 0.6], [21169.4, 0.1702], [21169.1, 0.01160479], [21168.8, 0.35], [21168.7, 0.29980336], [21168.6, 0.17958542], [21168.5, 0.37378196], [21168.4, 0.44896336], [21168.3, 0.16921], [21168.2, 0.25], [21167.7, 0.35], [21167.5, 1.10870426]],[[21171.9, 2.42275197], [21172.0, 0.19105314], [21172.1, 0.47763263], [21172.5, 9.406e-05], [21172.8, 9.453e-05], [21173.4, 0.25137739], [21173.6, 0.02361436], [21174.0, 0.47243205], [21174.1, 1.18108], [21174.9, 0.49288], [21175.1, 0.01165541], [21175.3, 0.10953336], [21175.6, 0.1702], [21175.7, 0.2738332], [21176.4, 0.14916], [21176.5, 0.38819203], [21176.7, 0.1], [21176.8, 0.02415782], [21176.9, 0.97048], [21177.5, 0.1872711]],1673975261608,2023-01-17T17:07:41.608Z
BTC/USDT,[[21171.8, 0.14832], [21170.3, 0.0705021], [21170.2, 0.17625519], [21169.2, 0.2266703], [21169.1, 0.56667565], [21168.5, 0.02378196], [21168.4, 0.328267], [21168.3, 0.44776745], [21167.7, 0.35], [21167.3, 0.35], [21167.2, 0.16921], [21167.0, 0.6], [21166.6, 0.95031794], [21166.5, 0.43975504], [21166.4, 1.09938742], [21166.3, 0.00928912], [21166.2, 0.16836], [21165.8, 0.004], [21165.7, 0.53872401], [21165.5, 1.34681]],[[21171.9, 2.45492406], [21172.0, 0.1910531], [21172.1, 0.47763263], [21172.2, 0.0004456], [21173.2, 1.18108], [21173.3, 0.02361461], [21173.4, 0.25131231], [21174.0, 0.24561], [21174.5, 0.17212], [21174.7, 0.19715201], [21174.8, 0.06], [21174.9, 0.49288], [21175.6, 0.1702], [21176.3, 0.28633284], [21176.4, 0.14916], [21176.5, 0.38819203], [21176.7, 0.11893272], [21176.9, 0.97048], [21177.2, 0.049871], [21177.5, 0.1872711]],1673975262208,2023-01-17T17:07:42.208Z
BTC/USDT,[[21168.8, 0.09244897], [21168.7, 0.14916], [21167.7, 0.05945882], [21167.3, 0.14864704], [21166.9, 0.22668842], [21166.8, 0.80750798], [21166.7, 0.01160479], [21166.3, 0.00928912], [21165.4, 0.00334632], [21165.3, 0.28327876], [21165.2, 0.19651605], [21165.1, 0.96372207], [21165.0, 0.14916], [21164.8, 0.6], [21164.4, 0.25570367], [21164.2, 1.00621899], [21164.1, 0.099048], [21164.0, 0.03481917], [21163.4, 0.16573], [21163.1, 0.00266939]],[[21170.5, 1.4576446], [21170.7, 0.00045985], [21171.0, 0.000457], [21171.3, 0.14894], [21171.6, 0.14000004], [21171.7, 1.10954896], [21171.8, 1.3089824], [21171.9, 1.89887225], [21172.1, 0.47763263], [21172.8, 0.47243206], [21172.9, 0.06], [21173.0, 0.01165541], [21173.1, 0.17212], [21173.2, 1.18108], [21173.4, 0.02361458], [21174.0, 0.24561], [21174.4, 0.004], [21174.5, 0.17212], [21174.7, 0.19715201], [21174.9, 0.49288]],1673975263008,2023-01-17T17:07:43.008Z
BTC/USDT,[[21166.9, 0.50689107], [21165.6, 0.09094008], [21165.5, 0.22735], [21165.0, 0.14916], [21164.9, 0.24000004], [21164.8, 0.15826792], [21164.7, 0.6], [21164.2, 0.57842545], [21164.1, 0.099048], [21163.9, 0.01894405], [21163.8, 0.052], [21163.7, 0.26675417], [21163.6, 0.54102401], [21163.5, 0.28800008], [21163.2, 1.35256], [21163.1, 0.00266939], [21163.0, 0.2147], [21162.7, 0.02363835], [21162.3, 0.16573], [21161.9, 0.50306506]],[[21167.0, 0.414325], [21167.5, 0.00019477], [21167.7, 0.00012731], [21168.2, 0.08669659], [21168.3, 0.21674126], [21168.8, 0.21145], [21168.9, 0.21545], [21169.6, 0.32064], [21170.2, 0.01165541], [21170.3, 0.19651601], [21170.4, 0.49129], [21170.5, 0.21145], [21170.7, 0.17148], [21171.1, 0.47243202], [21171.2, 1.18108], [21171.5, 0.17148], [21171.7, 1.10954896], [21171.8, 0.14916], [21171.9, 1.89842], [21172.0, 0.02361611]],1673975264008,2023-01-17T17:07:44.008Z
BTC/USDT,[[21166.9, 0.42600873], [21166.3, 7.379e-05], [21165.8, 7.379e-05], [21165.6, 0.09094008], [21165.5, 0.22735], [21165.0, 0.14916], [21164.9, 0.24000004], [21164.8, 0.15826792], [21164.7, 0.6], [21164.3, 0.56682066], [21164.2, 0.01160479], [21164.1, 0.099048], [21163.9, 0.00933199], [21163.8, 0.052], [21163.7, 0.28569837], [21163.6, 0.54102405], [21163.5, 0.28800008], [21163.2, 1.35256], [21163.1, 0.00266939], [21163.0, 0.2147]],[[21167.0, 0.54771099], [21167.3, 4.988e-05], [21167.5, 0.00019477], [21168.2, 0.08669659], [21168.3, 0.21674126], [21168.8, 0.21145], [21168.9, 0.21145], [21169.3, 0.004], [21169.4, 0.14000006], [21169.5, 0.35], [21169.6, 0.32064], [21169.7, 0.06], [21170.1, 0.01165541], [21170.3, 0.19651601], [21170.4, 0.49129], [21170.5, 0.21145], [21170.7, 0.17148], [21171.1, 0.47243202], [21171.2, 1.18108], [21171.5, 0.17148]],1673975264308,2023-01-17T17:07:44.308Z
BTC/USDT,[[21166.9, 0.4453], [21165.6, 0.09094008], [21165.5, 0.22735], [21165.0, 0.14916], [21164.9, 0.24000004], [21164.8, 0.15826792], [21164.7, 0.6], [21164.2, 0.56681402], [21164.1, 0.099048], [21163.9, 0.00933199], [21163.8, 0.052], [21163.7, 0.26675417], [21163.6, 0.54102405], [21163.5, 0.28800008], [21163.2, 1.35256], [21163.1, 0.00266939], [21163.0, 0.2147], [21162.7, 0.02363835], [21162.3, 0.16573], [21162.1, 0.07103]],[[21167.0, 0.41528098], [21167.2, 0.00022422], [21167.3, 4.988e-05], [21168.2, 0.09069659], [21168.3, 0.21674126], [21168.7, 0.35], [21168.8, 0.21145], [21168.9, 0.21145], [21169.4, 0.14000006], [21169.5, 0.35], [21169.6, 0.32064], [21169.7, 0.06], [21170.3, 0.19651601], [21170.4, 0.49129], [21170.5, 0.21145], [21170.7, 0.17148], [21171.1, 0.47243202], [21171.2, 1.18108], [21171.5, 0.17148], [21171.7, 1.10954896]],1673975264758,2023-01-17T17:07:44.758Z
BTC/USDT,[[21165.2, 0.36877001], [21164.8, 0.15826792], [21163.8, 0.048], [21163.2, 0.49692903], [21163.1, 0.56953544], [21162.9, 0.30216401], [21162.7, 0.02363835], [21161.9, 0.1005775], [21161.8, 0.25544363], [21161.7, 0.6], [21161.6, 0.14768], [21161.3, 0.2147], [21161.2, 0.55741689], [21161.0, 1.393542], [21160.8, 1.10870426], [21160.7, 0.17167], [21160.5, 0.47243206], [21160.4, 1.18108], [21160.2, 0.16573], [21160.0, 0.02]],[[21165.3, 0.54712123], [21165.8, 0.00019857], [21166.1, 0.00016532], [21166.7, 0.004], [21166.8, 0.28134192], [21166.9, 0.49129], [21167.0, 0.21145], [21167.9, 0.32049], [21168.2, 0.08669659], [21168.3, 0.21674126], [21168.4, 0.06], [21168.7, 0.35], [21168.8, 0.68388206], [21168.9, 0.21145], [21169.0, 0.17133], [21169.2, 1.18108], [21169.4, 0.023619], [21169.5, 0.35], [21169.6, 0.17148], [21170.3, 0.19651608]],1673975265158,2023-01-17T17:07:45.158Z
BTC/USDT,[[21165.2, 1.22839812], [21164.8, 0.15826792], [21164.3, 0.00183916], [21163.9, 0.56686163], [21163.8, 0.048], [21163.3, 0.29272139], [21163.2, 0.22781421], [21163.1, 0.00266939], [21162.9, 0.30216401], [21162.7, 0.02363835], [21162.6, 0.17133], [21162.5, 0.01160479], [21162.2, 0.00957146], [21162.1, 0.01894564], [21161.9, 0.1005775], [21161.8, 0.25544363], [21161.7, 0.6], [21161.6, 0.14768], [21161.5, 1.35241], [21161.3, 0.2147]],[[21165.3, 0.03602868], [21166.5, 0.00012019], [21166.9, 0.08458005], [21167.0, 0.21145], [21167.9, 0.14916], [21168.2, 0.08669659], [21168.3, 0.21674126], [21168.7, 0.35], [21168.8, 0.68388206], [21168.9, 0.21145], [21169.0, 0.17133], [21169.2, 1.19273541], [21169.4, 0.023619], [21169.6, 0.17148], [21170.2, 0.004], [21170.3, 0.19651608], [21170.4, 0.49129], [21170.5, 0.21145], [21170.7, 0.17148], [21171.3, 0.22672916]],1673975265508,2023-01-17T17:07:45.508Z
BTC/USDT,[[21165.2, 1.77458354], [21164.9, 0.00109555], [21164.8, 0.15907397], [21164.4, 0.22673092], [21164.3, 0.5668273], [21164.1, 0.25259023], [21164.0, 0.048], [21163.2, 0.35], [21163.1, 0.22940125], [21162.9, 0.30216401], [21162.7, 0.02363835], [21162.6, 0.1711], [21162.5, 0.01160479], [21162.2, 0.00957146], [21161.9, 0.11952335], [21161.8, 0.25144363], [21161.7, 1.78108], [21161.6, 0.14768], [21161.5, 0.17133], [21161.3, 0.2147]],[[21165.3, 0.37984392], [21166.9, 0.08458005], [21167.0, 0.21145], [21167.8, 0.004], [21167.9, 0.14916], [21168.2, 0.08669659], [21168.3, 0.21674126], [21168.7, 0.35], [21168.8, 0.68388206], [21168.9, 0.21145], [21169.2, 1.19273541], [21169.4, 0.023619], [21169.6, 0.17148], [21170.3, 0.19651608], [21170.4, 0.49129], [21170.5, 0.21145], [21170.7, 0.17148], [21171.3, 0.22672916], [21171.5, 0.17148], [21171.6, 0.049028]],1673975266058,2023-01-17T17:07:46.058Z
BTC/USDT,[[21165.2, 1.77458354], [21164.9, 0.00109555], [21164.8, 0.15907397], [21164.4, 0.22673092], [21164.3, 0.5668273], [21164.1, 0.25259023], [21164.0, 0.048], [21163.2, 0.35], [21163.1, 0.22940125], [21162.9, 0.30216401], [21162.7, 0.02363835], [21162.6, 0.1711], [21162.5, 0.01160479], [21162.2, 0.00957146], [21161.9, 0.11952335], [21161.8, 0.25144363], [21161.7, 1.78108], [21161.6, 0.14768], [21161.5, 0.17133], [21161.3, 0.2147]],[[21165.3, 0.37984392], [21166.9, 0.08458005], [21167.0, 0.21145], [21167.8, 0.004], [21167.9, 0.14916], [21168.2, 0.08669659], [21168.3, 0.21674126], [21168.7, 0.35], [21168.8, 0.68388206], [21168.9, 0.21145], [21169.2, 1.19273541], [21169.4, 0.023619], [21169.6, 0.17148], [21170.3, 0.19651608], [21170.4, 0.49129], [21170.5, 0.21145], [21170.7, 0.17148], [21171.3, 0.22672916], [21171.5, 0.17148], [21171.6, 0.049028]],1673975266058,2023-01-17T17:07:46.058Z
BTC/USDT,[[21165.2, 2.09483273], [21164.9, 0.56789629], [21164.8, 0.15907397], [21164.0, 0.048], [21163.3, 0.354], [21163.2, 0.28800008], [21163.1, 0.22940125], [21163.0, 0.35], [21162.9, 0.30216401], [21162.7, 0.02363835], [21162.6, 0.1711], [21162.5, 0.01160479], [21162.2, 0.00957146], [21161.9, 0.11952335], [21161.8, 0.25144363], [21161.7, 1.78108], [21161.6, 0.14768], [21161.5, 0.17133], [21161.3, 0.2147], [21161.2, 1.00811774]],[[21165.3, 0.34700708], [21166.9, 0.08458005], [21167.0, 0.21145], [21167.9, 0.14916], [21168.1, 0.004], [21168.2, 0.08669659], [21168.3, 0.21674126], [21168.7, 0.35], [21168.8, 0.68388206], [21168.9, 0.21145], [21169.2, 1.19273541], [21169.4, 0.023619], [21169.6, 0.17148], [21170.3, 0.19651608], [21170.4, 0.49129], [21170.5, 0.21145], [21170.7, 0.17148], [21171.3, 0.22672916], [21171.5, 0.17148], [21171.6, 0.049028]],1673975267008,2023-01-17T17:07:47.008Z
BTC/USDT,[[21166.8, 0.8871871], [21166.3, 0.0019981], [21165.9, 0.00250898], [21165.4, 0.40579236], [21165.3, 0.9718703], [21165.2, 1.01448083], [21164.9, 0.56679077], [21164.8, 0.15826792], [21164.3, 0.06863606], [21164.2, 0.17159], [21164.1, 0.01160479], [21164.0, 0.048], [21163.3, 0.35], [21163.2, 0.28800008], [21163.1, 0.22940125], [21163.0, 0.35], [21162.9, 0.30216401], [21162.7, 0.02363835], [21162.6, 0.1711], [21162.3, 0.01894554]],[[21166.9, 0.38445522], [21167.0, 0.21145], [21167.9, 0.14916], [21168.2, 0.08669657], [21168.3, 0.21674126], [21168.7, 0.004], [21168.8, 0.21145], [21168.9, 0.21145], [21169.1, 0.48187962], [21169.2, 1.18108], [21169.4, 0.023619], [21170.1, 0.01165541], [21170.4, 0.49129], [21170.5, 0.21145], [21170.7, 0.17148], [21171.3, 0.22672916], [21171.5, 0.17148], [21171.6, 0.049028], [21171.7, 1.10954896], [21171.8, 0.14916]],1673975267308,2023-01-17T17:07:47.308Z
BTC/USDT,[[21168.7, 0.26555751], [21168.4, 0.14916], [21168.1, 0.00058467], [21167.0, 0.22735], [21166.8, 0.06224463], [21166.4, 0.2266951], [21166.2, 0.56673875], [21165.5, 0.24550826], [21165.4, 0.40579236], [21165.3, 0.7445203], [21165.2, 0.6], [21165.1, 0.12830001], [21165.0, 0.32075], [21164.3, 0.03964941], [21164.2, 0.17159], [21164.0, 0.048], [21163.8, 0.47243204], [21163.7, 1.18108], [21163.2, 0.28800008], [21163.1, 0.00266939]],[[21168.8, 1.67782228], [21169.0, 0.004], [21169.1, 0.09151826], [21169.2, 0.22879557], [21170.5, 0.21145], [21171.3, 0.49604898], [21171.4, 1.35122], [21171.6, 0.06], [21171.8, 0.10800008], [21171.9, 0.27], [21172.5, 0.17082], [21173.2, 0.35], [21173.3, 0.30281279], [21173.4, 2.2292486], [21173.5, 0.80212], [21173.6, 1.24340585], [21173.7, 0.43973641], [21173.8, 2.49041606], [21174.0, 0.24561], [21174.5, 0.11257205]],1673975269008,2023-01-17T17:07:49.008Z
BTC/USDT,[[21168.7, 1.41765626], [21168.5, 0.00043708], [21168.4, 0.14916], [21167.3, 0.35], [21167.2, 0.22670656], [21167.1, 0.56676642], [21166.8, 0.06224463], [21166.1, 0.17014], [21166.0, 0.01160479], [21165.6, 0.35], [21165.5, 0.24550826], [21165.4, 0.62049236], [21165.3, 0.7485203], [21165.2, 0.6], [21165.1, 0.12830004], [21165.0, 0.32075], [21164.5, 0.01894358], [21164.3, 0.03964941], [21164.2, 0.17159], [21164.0, 0.048]],[[21168.8, 1.30249245], [21169.2, 0.22879557], [21170.4, 0.08458009], [21170.5, 0.21145], [21171.2, 0.004], [21171.3, 0.02361691], [21171.9, 0.27], [21172.1, 0.47243201], [21172.2, 1.18108], [21172.4, 0.01165541], [21172.6, 0.24561], [21173.4, 0.99616645], [21173.5, 0.80212], [21173.6, 0.17082], [21173.7, 0.43973641], [21173.8, 2.49041606], [21174.5, 0.11257205], [21174.6, 0.17082], [21174.8, 0.1], [21174.9, 0.28143]],1673975269508,2023-01-17T17:07:49.508Z
BTC/USDT,[[21168.7, 0.32415626], [21168.5, 0.00043708], [21168.4, 0.14916], [21167.4, 0.14000002], [21167.3, 0.35], [21167.2, 0.22670656], [21167.1, 0.56676974], [21167.0, 0.3], [21166.8, 0.06224463], [21166.1, 0.17014], [21166.0, 0.01160479], [21165.6, 0.35], [21165.5, 0.24550826], [21165.4, 0.62049236], [21165.3, 0.7485203], [21165.2, 0.6], [21165.1, 0.12830004], [21165.0, 0.32075], [21164.3, 0.03964941], [21164.2, 0.17159]],[[21168.8, 1.43599245], [21169.1, 0.004], [21169.2, 0.22879557], [21170.4, 0.08458009], [21170.5, 0.21145], [21171.3, 0.02361691], [21171.8, 0.35], [21171.9, 0.27], [21172.1, 0.47243201], [21172.2, 1.18108], [21172.4, 0.01165541], [21172.6, 0.24561], [21173.4, 0.99616645], [21173.5, 1.10033357], [21173.6, 0.17082], [21173.7, 0.43973641], [21173.8, 2.49041606], [21174.5, 0.11257205], [21174.6, 0.17082], [21174.8, 0.1]],1673975269908,2023-01-17T17:07:49.908Z
BTC/USDT,[[21168.7, 0.32415626], [21168.5, 0.00043708], [21168.4, 0.14916], [21167.4, 0.14000002], [21167.3, 0.35], [21167.2, 0.22670656], [21167.1, 0.56676974], [21167.0, 0.3], [21166.8, 0.06224463], [21166.1, 0.17014], [21166.0, 0.01160479], [21165.6, 0.35], [21165.5, 0.24550826], [21165.4, 0.40579236], [21165.3, 0.7485203], [21165.2, 0.8147], [21165.1, 0.12830004], [21165.0, 0.32075], [21164.3, 0.03964941], [21164.2, 0.17159]],[[21168.8, 1.46635328], [21169.1, 0.004], [21169.2, 0.22879557], [21170.4, 0.08458009], [21170.5, 0.21145], [21171.3, 0.02361691], [21171.8, 0.35], [21171.9, 0.27], [21172.1, 0.47243201], [21172.2, 1.18108], [21172.4, 0.01165541], [21172.6, 0.24561], [21173.4, 0.99616645], [21173.5, 1.10033357], [21173.6, 0.17082], [21173.7, 0.43973641], [21173.8, 2.49041606], [21174.5, 0.11257205], [21174.6, 0.17082], [21174.8, 0.1]],1673975270008,2023-01-17T17:07:50.008Z
BTC/USDT,[[21168.7, 0.30434354], [21168.4, 0.14916], [21167.9, 0.00129422], [21167.8, 0.00103878], [21167.1, 0.56675978], [21167.0, 0.35], [21166.9, 0.36670486], [21166.8, 0.06224463], [21166.6, 0.35], [21166.1, 0.17014], [21166.0, 0.01160479], [21165.6, 0.35], [21165.5, 0.24550826], [21165.4, 0.40579236], [21165.3, 0.7485203], [21165.2, 0.8147], [21165.0, 0.32075], [21164.3, 0.10828544], [21164.2, 0.17159], [21164.0, 0.048]],[[21168.8, 1.43599245], [21169.1, 0.004], [21169.2, 0.22879557], [21170.4, 0.08458009], [21170.5, 0.21145], [21171.3, 0.02361691], [21171.8, 0.35], [21171.9, 0.27], [21172.0, 0.35], [21172.1, 0.47243201], [21172.2, 1.18108], [21172.4, 0.01165541], [21172.6, 0.24561], [21173.4, 0.99616645], [21173.5, 1.10033357], [21173.6, 2.61174207], [21173.7, 0.43973641], [21173.8, 2.49041606], [21174.5, 0.13150666], [21174.6, 0.17082]],1673975270558,2023-01-17T17:07:50.558Z
BTC/USDT,[[21168.7, 0.34784354], [21168.5, 0.0018051], [21168.4, 0.15054505], [21167.9, 0.00129422], [21167.2, 0.226704], [21167.1, 0.56675978], [21167.0, 0.35], [21166.8, 0.06224463], [21166.6, 0.35], [21166.1, 0.17014], [21166.0, 0.01160479], [21165.6, 0.35], [21165.5, 0.24550826], [21165.4, 0.40579236], [21165.3, 0.7485203], [21165.2, 0.8147], [21165.0, 0.32075], [21164.3, 0.10828544], [21164.2, 0.17159], [21164.0, 0.048]],[[21168.8, 1.30249245], [21169.1, 0.004], [21169.2, 0.22879557], [21170.4, 0.08458009], [21170.5, 0.21145], [21171.3, 0.02361691], [21171.9, 0.27], [21172.0, 0.35], [21172.1, 0.47243201], [21172.2, 1.18108], [21172.4, 0.01165541], [21172.6, 0.24561], [21173.4, 1.04469691], [21173.5, 1.10033357], [21173.6, 2.61174207], [21173.7, 0.43973641], [21173.8, 2.49041606], [21174.5, 0.13150666], [21174.6, 0.17082], [21174.8, 0.1]],1673975270708,2023-01-17T17:07:50.708Z
BTC/USDT,[[21168.7, 0.28112751], [21168.5, 0.00241816], [21168.4, 0.14916], [21167.9, 0.00129422], [21167.2, 0.226704], [21166.9, 0.5667465], [21166.8, 0.06224463], [21166.1, 0.17014], [21166.0, 0.01160479], [21165.6, 0.35], [21165.5, 0.24550826], [21165.4, 0.40579236], [21165.3, 0.7485203], [21165.2, 0.8147], [21165.0, 0.32075], [21164.3, 0.10828544], [21164.2, 0.17159], [21164.0, 0.048], [21163.8, 0.47243204], [21163.7, 1.18108]],[[21168.8, 1.46635328], [21169.1, 0.004], [21169.2, 0.22879557], [21170.4, 0.08458009], [21170.5, 0.21145], [21171.3, 0.02361691], [21171.9, 0.27], [21172.0, 0.35], [21172.1, 0.47243201], [21172.2, 1.18108], [21172.4, 0.01165541], [21172.6, 0.24561], [21173.4, 1.04469691], [21173.5, 1.10033357], [21173.6, 2.61174207], [21173.7, 0.43973641], [21173.8, 2.49041606], [21174.5, 0.11257205], [21174.6, 0.17082], [21174.7, 0.01893448]],1673975271008,2023-01-17T17:07:51.008Z
BTC/USDT,[[21168.7, 0.28112751], [21168.5, 0.00241816], [21168.4, 0.14916], [21167.9, 0.00129422], [21167.2, 0.226704], [21166.9, 0.5667465], [21166.8, 0.06224463], [21166.1, 0.17014], [21166.0, 0.01160479], [21165.6, 0.35], [21165.5, 0.24550826], [21165.4, 0.40579236], [21165.3, 0.7485203], [21165.2, 0.8147], [21165.0, 0.32075], [21164.3, 0.10828544], [21164.2, 0.17159], [21164.0, 0.048], [21163.8, 0.47243204], [21163.7, 1.18108]],[[21168.8, 1.46635328], [21169.1, 0.004], [21169.2, 0.22879557], [21170.4, 0.08458009], [21170.5, 0.21145], [21171.3, 0.02361691], [21171.9, 0.27], [21172.0, 0.35], [21172.1, 0.47243201], [21172.2, 1.18108], [21172.4, 0.01165541], [21172.6, 0.24561], [21173.4, 1.04469691], [21173.5, 1.10033357], [21173.6, 2.61174207], [21173.7, 0.43973641], [21173.8, 2.49041606], [21174.5, 0.11257205], [21174.6, 0.17082], [21174.7, 0.01893448]],1673975271008,2023-01-17T17:07:51.008Z
BTC/USDT,[[21168.7, 0.28112751], [21168.5, 0.00241816], [21168.4, 0.14916], [21167.9, 0.00129422], [21167.2, 0.226704], [21166.9, 0.5667465], [21166.8, 0.06224463], [21166.1, 0.17014], [21166.0, 0.01160479], [21165.6, 0.35], [21165.5, 0.24550826], [21165.4, 0.40579236], [21165.3, 0.7485203], [21165.2, 0.8147], [21165.0, 0.32075], [21164.3, 0.10828544], [21164.2, 0.17159], [21164.0, 0.048], [21163.8, 0.47243204], [21163.7, 1.18108]],[[21168.8, 1.46635328], [21169.1, 0.004], [21169.2, 0.22879557], [21170.4, 0.08458009], [21170.5, 0.21145], [21171.3, 0.02361691], [21171.9, 0.27], [21172.0, 0.35], [21172.1, 0.47243201], [21172.2, 1.18108], [21172.4, 0.01165541], [21172.6, 0.24561], [21173.4, 1.04469691], [21173.5, 1.10033357], [21173.6, 2.61174207], [21173.7, 0.43973641], [21173.8, 2.49041606], [21174.5, 0.11257205], [21174.6, 0.17082], [21174.7, 0.01893448]],1673975271008,2023-01-17T17:07:51.008Z
BTC/USDT,[[21168.7, 0.14344549], [21168.4, 0.14916], [21166.9, 0.00039118], [21165.5, 0.00360796], [21165.4, 0.22849695], [21165.3, 0.5667941], [21165.0, 0.3175], [21164.8, 0.17493194], [21164.7, 0.29980336], [21164.4, 0.24400003], [21164.3, 0.6], [21164.2, 0.17159], [21164.0, 0.048], [21163.5, 0.25259023], [21163.4, 0.47243203], [21163.3, 1.18108], [21163.1, 0.00266939], [21162.7, 1.21619419], [21162.6, 0.1711], [21162.4, 0.04716992]],[[21168.8, 1.77831388], [21168.9, 0.11996036], [21169.2, 0.22879557], [21169.5, 0.00063563], [21170.4, 0.08458005], [21170.5, 0.21145], [21171.0, 0.59750221], [21171.1, 1.25170733], [21171.2, 1.18108], [21171.3, 0.32638661], [21171.4, 0.16885], [21171.7, 1.06768641], [21171.9, 0.27], [21172.0, 2.31921588], [21172.5, 0.16885], [21172.6, 0.24561], [21173.4, 0.27525023], [21173.5, 0.80212], [21173.6, 0.17082], [21173.7, 0.14894]],1673975272358,2023-01-17T17:07:52.358Z
BTC/USDT,[[21168.7, 0.14344549], [21168.4, 0.14916], [21166.9, 0.00039118], [21165.3, 0.00517614], [21165.2, 0.23071727], [21165.1, 0.56679299], [21165.0, 0.3175], [21164.8, 0.17493194], [21164.7, 0.29980336], [21164.4, 0.24000003], [21164.3, 0.6], [21164.2, 0.17159], [21164.0, 0.048], [21163.5, 0.25259023], [21163.4, 0.47243203], [21163.3, 1.18108], [21163.1, 0.00266939], [21162.8, 0.4864777], [21162.7, 1.43089419], [21162.6, 0.1711]],[[21168.8, 1.77477753], [21168.9, 0.11996036], [21169.2, 0.22879557], [21169.5, 0.00063563], [21170.4, 0.08858005], [21170.5, 0.21145], [21171.0, 0.35], [21171.1, 1.25170733], [21171.2, 1.18108], [21171.3, 0.02361691], [21171.4, 0.16885], [21171.7, 1.31278569], [21171.9, 0.27], [21172.0, 2.31921588], [21172.5, 0.16885], [21172.6, 0.24561], [21173.4, 0.27525023], [21173.5, 0.80212], [21173.6, 0.17082], [21173.7, 0.14894]],1673975272758,2023-01-17T17:07:52.758Z
BTC/USDT,[[21168.7, 0.14344549], [21168.4, 0.14916], [21166.9, 0.00039118], [21165.6, 0.23285518], [21165.5, 0.56679299], [21165.4, 0.01160479], [21165.0, 0.3175], [21164.8, 0.17493194], [21164.4, 0.24000003], [21164.3, 0.6], [21164.2, 0.43834417], [21164.0, 0.048], [21163.5, 0.25259023], [21163.4, 0.47243203], [21163.3, 1.18108], [21163.1, 0.00266939], [21162.7, 0.24233835], [21162.6, 0.1711], [21162.4, 0.04716992], [21162.3, 1.10901608]],[[21168.8, 1.77431388], [21168.9, 0.11996036], [21169.1, 0.004], [21169.2, 0.22879557], [21169.5, 0.00063563], [21170.4, 0.38458005], [21170.5, 0.21145], [21171.0, 0.35], [21171.1, 1.25170733], [21171.2, 1.44309601], [21171.3, 0.02361691], [21171.4, 0.18050541], [21171.6, 0.06], [21171.7, 1.31278569], [21171.8, 2.29375779], [21171.9, 0.27], [21172.0, 2.31921588], [21172.5, 0.16885], [21172.6, 0.24561], [21173.4, 0.27525023]],1673975273208,2023-01-17T17:07:53.208Z
BTC/USDT,[[21168.7, 0.14344549], [21168.4, 0.14916], [21166.9, 0.00039118], [21165.8, 0.22671721], [21165.7, 0.56679299], [21165.0, 0.3175], [21164.8, 0.17493194], [21164.5, 0.35], [21164.4, 0.24000003], [21164.3, 0.6], [21164.2, 0.43834417], [21164.1, 0.004], [21164.0, 0.048], [21163.5, 0.25259023], [21163.4, 0.47243203], [21163.3, 1.18108], [21163.1, 0.00266939], [21162.7, 0.78007398], [21162.6, 1.354339], [21162.4, 0.04716992]],[[21168.8, 1.77484689], [21168.9, 0.11996036], [21169.2, 0.22879557], [21169.5, 0.00063563], [21170.4, 0.38458005], [21170.5, 0.21145], [21170.8, 0.35], [21170.9, 0.004], [21171.0, 0.35], [21171.1, 1.25170733], [21171.2, 1.44309601], [21171.3, 0.02361691], [21171.4, 0.16885], [21171.7, 1.31278569], [21171.8, 2.29375779], [21171.9, 0.27], [21172.0, 2.31921588], [21172.5, 0.16885], [21172.6, 0.24561], [21173.4, 0.27525023]],1673975273608,2023-01-17T17:07:53.608Z
BTC/USDT,[[21168.7, 0.14344549], [21168.5, 0.05966404], [21168.4, 0.14916], [21166.9, 0.00039118], [21165.4, 0.36830643], [21165.3, 0.92076601], [21165.0, 0.3175], [21164.8, 0.17493194], [21164.5, 0.35], [21164.4, 0.24000003], [21164.3, 0.6], [21164.2, 0.43834417], [21164.1, 0.004], [21164.0, 0.048], [21163.5, 0.25259023], [21163.4, 0.47243203], [21163.3, 1.18108], [21163.1, 0.00266939], [21162.7, 0.78007398], [21162.6, 1.354339]],[[21168.8, 1.77484689], [21168.9, 0.11996036], [21169.1, 0.004], [21169.2, 0.22879557], [21169.5, 0.00063563], [21170.4, 0.38458005], [21170.5, 0.21145], [21170.8, 0.35], [21171.0, 0.35], [21171.1, 1.25170733], [21171.2, 1.44309601], [21171.3, 0.02361691], [21171.4, 0.16885], [21171.7, 1.31278569], [21171.8, 2.29375779], [21171.9, 0.27], [21172.0, 2.31921588], [21172.5, 0.16885], [21172.6, 0.24561], [21173.4, 0.27525023]],1673975274008,2023-01-17T17:07:54.008Z
BTC/USDT,[[21168.7, 0.14344549], [21168.5, 0.05966404], [21168.4, 0.14916], [21166.9, 0.00039118], [21165.4, 0.36830643], [21165.3, 0.92076601], [21165.0, 0.3175], [21164.8, 0.17493194], [21164.5, 0.35], [21164.4, 0.24000003], [21164.3, 0.6], [21164.2, 0.43834417], [21164.1, 0.004], [21164.0, 0.048], [21163.5, 0.25259023], [21163.4, 0.47243203], [21163.3, 1.18108], [21163.1, 0.00266939], [21162.7, 0.78007398], [21162.6, 1.354339]],[[21168.8, 1.77484689], [21168.9, 0.11996036], [21169.1, 0.004], [21169.2, 0.22879557], [21169.5, 0.00063563], [21170.4, 0.38458005], [21170.5, 0.21145], [21170.8, 0.35], [21171.0, 0.35], [21171.1, 1.25170733], [21171.2, 1.44309601], [21171.3, 0.02361691], [21171.4, 0.16885], [21171.7, 1.31278569], [21171.8, 2.29375779], [21171.9, 0.27], [21172.0, 2.31921588], [21172.5, 0.16885], [21172.6, 0.24561], [21173.4, 0.27525023]],1673975274008,2023-01-17T17:07:54.008Z
BTC/USDT,[[21168.7, 0.13481681], [21168.4, 0.14916], [21166.9, 0.00039118], [21165.4, 0.01160479], [21165.3, 0.00491718], [21165.2, 0.2267177], [21165.1, 0.5667941], [21165.0, 0.14916], [21164.8, 0.17493194], [21164.4, 0.24000003], [21164.3, 0.6], [21164.2, 0.43834417], [21164.1, 0.004], [21164.0, 0.048], [21163.5, 0.25259023], [21163.4, 0.47243203], [21163.3, 1.18108], [21163.1, 0.00266939], [21162.7, 0.78007398], [21162.6, 1.354339]],[[21168.8, 2.05612874], [21168.9, 0.11996036], [21169.1, 0.004], [21169.2, 0.22879557], [21169.5, 0.00063563], [21170.3, 0.3], [21170.4, 0.38458005], [21170.5, 0.21145], [21170.8, 0.35], [21171.0, 0.35], [21171.1, 1.25170733], [21171.2, 1.44309601], [21171.3, 0.03527232], [21171.4, 0.16885], [21171.6, 0.06], [21171.7, 1.31278569], [21171.8, 2.29375779], [21172.0, 2.31921588], [21172.5, 0.16885], [21172.6, 0.24561]],1673975274608,2023-01-17T17:07:54.608Z
BTC/USDT,[[21166.9, 0.14994817], [21165.2, 0.09094008], [21165.1, 0.22735], [21165.0, 0.14916], [21164.8, 0.17493194], [21164.2, 0.22672783], [21164.1, 0.56681956], [21164.0, 0.048], [21163.4, 0.29036073], [21163.3, 0.12180995], [21163.2, 0.30452467], [21163.1, 0.00266939], [21162.8, 0.004], [21162.7, 0.02363835], [21162.6, 0.1711], [21162.4, 0.04716992], [21162.2, 0.00957146], [21161.9, 0.1005775], [21161.8, 0.25144363], [21161.7, 0.6]],[[21167.0, 0.790751], [21167.2, 0.11944492], [21167.3, 0.00024703], [21167.4, 9.928e-05], [21167.5, 0.13709984], [21167.6, 0.22406335], [21167.8, 0.004], [21167.9, 0.114], [21168.6, 0.37929563], [21168.7, 0.87933726], [21168.8, 0.21145], [21169.6, 0.22768], [21170.1, 0.47243204], [21170.2, 1.18108], [21170.3, 0.3], [21170.4, 0.3], [21170.5, 0.21145], [21170.7, 0.16768], [21170.8, 0.35], [21171.0, 0.35]],1673975275158,2023-01-17T17:07:55.158Z
BTC/USDT,[[21166.9, 0.11994817], [21165.0, 0.14916], [21164.8, 0.17493194], [21164.4, 0.22673005], [21164.1, 0.56682952], [21164.0, 0.048], [21163.4, 0.29036073], [21163.2, 0.30452467], [21163.1, 0.00266939], [21162.8, 0.004], [21162.7, 0.02363835], [21162.6, 0.1711], [21162.4, 0.04716992], [21162.2, 0.00957146], [21161.9, 0.1005775], [21161.8, 0.25144363], [21161.7, 0.6], [21161.6, 1.32876], [21161.5, 0.17133], [21160.8, 1.07143689]],[[21167.0, 0.790751], [21167.1, 0.00033064], [21167.2, 0.11944492], [21167.3, 0.00024703], [21167.4, 9.928e-05], [21167.5, 0.13689414], [21167.6, 0.22406335], [21167.8, 0.004], [21167.9, 0.114], [21168.5, 0.35], [21168.6, 0.37929563], [21168.7, 0.87933726], [21168.8, 0.21145], [21169.6, 0.22768], [21170.1, 0.47243204], [21170.2, 1.18108], [21170.3, 0.3], [21170.4, 0.3], [21170.5, 0.21145], [21170.7, 0.16768]],1673975275408,2023-01-17T17:07:55.408Z
BTC/USDT,[[21166.9, 0.11994817], [21165.0, 0.37651], [21164.9, 0.29670504], [21164.8, 0.17493194], [21164.5, 0.56683063], [21164.0, 0.048], [21163.6, 0.22673187], [21163.4, 0.29036073], [21163.2, 0.30452467], [21163.1, 0.00266939], [21162.7, 0.02363835], [21162.6, 0.1711], [21162.4, 0.04716992], [21162.2, 0.48200351], [21162.1, 1.18108], [21161.8, 0.46614363], [21161.7, 0.6], [21161.6, 0.14768], [21161.5, 0.17133], [21161.4, 1.12733795]],[[21167.0, 0.790751], [21167.1, 0.00033064], [21167.3, 0.00024703], [21167.5, 0.13689414], [21167.6, 0.22406335], [21167.8, 0.004], [21167.9, 0.114], [21168.6, 0.37929563], [21168.7, 0.87933726], [21168.8, 0.21145], [21169.6, 0.16768], [21170.1, 0.47243204], [21170.2, 1.18108], [21170.3, 0.3], [21170.4, 0.3], [21170.5, 0.21145], [21170.7, 0.16768], [21170.8, 0.35], [21171.0, 0.35], [21171.1, 0.35]],1673975275808,2023-01-17T17:07:55.808Z
BTC/USDT,[[21166.9, 0.12525817], [21165.2, 0.09094004], [21165.1, 0.22735], [21165.0, 0.14916], [21164.8, 0.17493194], [21164.4, 0.22673189], [21164.3, 0.56682952], [21164.0, 0.048], [21163.6, 0.22673187], [21163.4, 0.29036073], [21163.2, 0.47247467], [21163.1, 0.00266939], [21162.8, 0.4818874], [21162.7, 1.20471835], [21162.6, 0.1711], [21162.4, 0.04716992], [21162.3, 0.004], [21162.2, 0.00957146], [21161.8, 0.46614363], [21161.7, 0.6]],[[21167.0, 0.790751], [21167.5, 0.13689414], [21167.6, 0.22406335], [21167.7, 0.00030736], [21167.9, 0.114], [21168.6, 0.37929563], [21168.7, 0.87933726], [21168.8, 0.21145], [21169.5, 0.004], [21169.6, 0.16768], [21170.1, 0.47243204], [21170.2, 1.18108], [21170.3, 0.3], [21170.4, 0.3], [21170.5, 0.21145], [21170.7, 0.16768], [21170.8, 0.35], [21171.0, 0.35], [21171.1, 0.35], [21171.2, 0.26201601]],1673975276008,2023-01-17T17:07:56.008Z
BTC/USDT,[[21166.9, 0.11994817], [21165.0, 0.14916], [21164.8, 0.17493194], [21164.4, 0.24593183], [21164.1, 0.56682952], [21164.0, 0.048], [21163.6, 0.22673187], [21163.4, 0.29036073], [21163.2, 0.30852467], [21163.1, 0.00266939], [21162.7, 0.02363835], [21162.6, 0.1711], [21162.2, 0.00957146], [21162.0, 0.10057752], [21161.8, 0.25144363], [21161.7, 0.6], [21161.6, 0.14768], [21161.5, 0.17133], [21161.0, 0.98758531], [21160.9, 0.2147]],[[21167.0, 0.790751], [21167.1, 0.00043373], [21167.2, 0.11944492], [21167.4, 0.00450403], [21167.5, 0.13689414], [21167.6, 0.22406335], [21167.9, 0.114], [21168.5, 0.35], [21168.6, 0.37929563], [21168.7, 0.87933726], [21168.8, 0.21145], [21169.6, 0.22768], [21170.1, 0.47243204], [21170.2, 1.18108], [21170.3, 0.3], [21170.4, 0.3], [21170.5, 0.21145], [21170.7, 0.16768], [21170.8, 0.35], [21171.0, 0.35]],1673975276608,2023-01-17T17:07:56.608Z
BTC/USDT,[[21166.9, 0.10145], [21165.1, 0.1296368], [21165.0, 0.10112], [21164.8, 0.17493194], [21164.0, 0.048], [21163.7, 0.56684613], [21163.6, 0.22673187], [21163.5, 0.01160479], [21163.2, 0.30852467], [21163.1, 0.00266939], [21162.7, 0.02363835], [21162.6, 0.1711], [21162.2, 0.00957146], [21162.0, 0.10057752], [21161.8, 0.25144363], [21161.7, 0.6], [21161.5, 0.19027623], [21161.1, 0.42857484], [21161.0, 0.98758531], [21160.9, 0.2147]],[[21167.0, 0.79105076], [21167.1, 0.00043373], [21167.2, 0.11944492], [21167.4, 0.00050403], [21167.5, 0.14089414], [21167.6, 0.22406335], [21167.9, 0.114], [21168.5, 0.35], [21168.6, 0.37929563], [21168.7, 0.87933726], [21168.8, 0.21145], [21169.5, 0.01165541], [21169.6, 0.22768], [21170.1, 0.47243204], [21170.2, 1.18108], [21170.3, 0.3], [21170.4, 0.3], [21170.5, 0.21145], [21170.7, 0.19129757], [21170.8, 0.35]],1673975277208,2023-01-17T17:07:57.208Z
BTC/USDT,[[21166.9, 0.10145], [21165.1, 0.1296368], [21164.8, 0.17493194], [21164.0, 0.048], [21163.5, 0.01160479], [21163.2, 0.004], [21163.1, 0.00266939], [21163.0, 0.00440634], [21162.9, 0.3476041], [21162.8, 0.86901014], [21162.7, 0.02363835], [21162.2, 0.00957146], [21161.8, 0.25144363], [21161.7, 0.6], [21161.5, 0.17133], [21161.1, 0.42857484], [21161.0, 0.98758531], [21160.9, 0.2147], [21160.8, 1.07143689], [21160.7, 0.19061695]],[[21167.0, 1.00301942], [21167.1, 0.00043373], [21167.2, 0.11944492], [21167.4, 0.00050403], [21167.5, 0.14089414], [21167.6, 0.22406335], [21167.9, 0.114], [21168.4, 0.08458006], [21168.5, 0.35], [21168.6, 0.35], [21168.7, 0.87933726], [21168.8, 0.21145], [21169.5, 0.01165541], [21169.6, 0.22768], [21170.1, 0.47243204], [21170.2, 1.18108], [21170.3, 0.3], [21170.4, 0.3], [21170.5, 0.21145], [21170.7, 0.19129757]],1673975277508,2023-01-17T17:07:57.508Z
BTC/USDT,[[21166.9, 0.15588499], [21165.7, 0.09094005], [21165.6, 0.22735], [21165.1, 0.40091286], [21164.9, 0.56684613], [21164.8, 0.17493194], [21164.7, 0.6], [21164.0, 0.33600008], [21163.2, 0.17066], [21163.1, 0.00266939], [21162.8, 0.30616401], [21162.7, 0.02363835], [21162.2, 0.00957146], [21162.1, 0.17066], [21161.9, 0.10057746], [21161.8, 0.25144363], [21161.7, 0.6], [21161.5, 0.17133], [21161.4, 0.47243206], [21161.3, 1.18108]],[[21167.0, 0.789679], [21167.4, 0.00050403], [21167.5, 0.13689414], [21167.6, 0.22406335], [21167.9, 0.114], [21168.6, 0.47243202], [21168.8, 0.21145], [21169.0, 1.18108], [21169.1, 0.02361938], [21170.2, 0.004], [21170.3, 0.3], [21170.4, 0.3], [21170.5, 0.21145], [21170.7, 0.30768003], [21170.8, 0.35], [21171.0, 0.35], [21171.1, 0.35], [21171.4, 0.16885], [21171.7, 0.90372], [21172.1, 0.04995]],1673975278008,2023-01-17T17:07:58.008Z
BTC/USDT,[[21166.9, 0.155769], [21166.8, 0.0006244], [21166.5, 0.0006244], [21166.3, 0.00073226], [21165.5, 0.31767142], [21165.4, 0.22735], [21165.2, 0.56682842], [21165.1, 0.40091286], [21164.8, 0.17493194], [21164.7, 0.6], [21164.0, 0.33600008], [21163.4, 0.14000007], [21163.3, 0.35], [21163.2, 0.17066], [21163.1, 0.00266939], [21162.8, 0.30616401], [21162.7, 0.02363835], [21162.2, 0.00957146], [21162.1, 0.17066], [21161.9, 0.10057746]],[[21167.0, 0.789679], [21167.5, 0.14089414], [21167.6, 0.22406335], [21167.9, 0.114], [21168.6, 0.47243202], [21168.8, 0.21145], [21169.0, 1.18108], [21169.1, 0.02361937], [21170.3, 0.3], [21170.4, 0.3], [21170.5, 0.21145], [21170.7, 0.16768], [21170.8, 0.35], [21171.0, 0.35], [21171.1, 0.35], [21171.3, 1.2204193], [21171.4, 0.16885], [21171.6, 0.28822286], [21171.7, 3.05104824], [21172.1, 0.04995]],1673975278608,2023-01-17T17:07:58.608Z
BTC/USDT,[[21166.9, 0.155769], [21166.1, 0.00067549], [21165.5, 0.09094004], [21165.1, 0.40091286], [21164.8, 0.17493194], [21164.7, 0.6], [21164.4, 0.56681735], [21164.3, 0.17066], [21164.0, 0.33600008], [21163.2, 0.17066], [21163.1, 0.00266939], [21162.8, 0.30616401], [21162.7, 0.02363835], [21162.2, 0.00957146], [21162.1, 0.17066], [21161.9, 0.10057746], [21161.8, 0.25144363], [21161.7, 0.6], [21161.5, 0.17133], [21161.4, 0.47243206]],[[21167.0, 0.789679], [21167.5, 0.14089414], [21167.6, 0.22406335], [21167.9, 0.114], [21168.5, 0.35], [21168.6, 0.47243202], [21168.8, 0.21145], [21169.0, 1.18108], [21169.1, 0.02361937], [21169.6, 0.06], [21170.2, 0.12000009], [21170.3, 0.3], [21170.4, 0.3], [21170.5, 0.21145], [21170.7, 0.16768], [21170.8, 0.35], [21171.0, 0.35], [21171.1, 0.35], [21171.3, 1.2204193], [21171.4, 0.16885]],1673975279008,2023-01-17T17:07:59.008Z
BTC/USDT,[[21166.9, 0.155731], [21166.7, 0.00048249], [21166.1, 0.00076064], [21165.4, 0.31767008], [21165.3, 0.22735], [21165.2, 0.5668251], [21165.1, 0.40091286], [21164.8, 0.17493194], [21164.7, 0.6], [21164.3, 0.17066], [21164.0, 0.33600008], [21163.2, 0.17066], [21163.1, 0.00266939], [21162.8, 0.30616401], [21162.7, 0.02363835], [21162.2, 0.00957146], [21162.1, 0.17066], [21161.9, 0.10057746], [21161.8, 0.25144363], [21161.7, 0.6]],[[21167.0, 0.789679], [21167.5, 0.14089414], [21167.6, 0.22406335], [21167.9, 0.114], [21168.6, 0.47243202], [21168.8, 0.21145], [21169.0, 1.18108], [21170.0, 0.12000001], [21170.1, 0.27361818], [21170.3, 0.3], [21170.4, 0.3], [21170.5, 0.21145], [21170.7, 0.16768], [21170.8, 0.35], [21171.0, 0.35], [21171.1, 0.35], [21171.3, 1.2204193], [21171.4, 0.16885], [21171.6, 0.28822286], [21171.7, 3.05104824]],1673975279658,2023-01-17T17:07:59.658Z
BTC/USDT,[[21166.9, 0.20594308], [21166.8, 0.00132261], [21166.5, 0.00140208], [21165.6, 0.3176741], [21165.5, 0.22735], [21165.2, 0.56682952], [21165.1, 0.40091286], [21164.8, 0.17493194], [21164.7, 0.6], [21164.3, 0.17066], [21164.1, 0.35], [21164.0, 0.33600008], [21163.2, 0.17066], [21163.1, 0.00266939], [21162.8, 0.30616401], [21162.7, 0.02363835], [21162.2, 0.00957146], [21162.1, 0.17066], [21161.9, 0.10057746], [21161.8, 0.25144363]],[[21167.0, 0.62581817], [21167.5, 0.14089414], [21167.6, 0.22406335], [21167.9, 0.114], [21168.6, 0.47243202], [21168.8, 0.21145], [21169.0, 1.18108], [21170.1, 0.02361817], [21170.5, 0.21145], [21170.7, 0.16768], [21170.8, 0.35], [21171.0, 0.35], [21171.3, 1.2204193], [21171.4, 0.16885], [21171.6, 0.28822286], [21171.7, 3.05104824], [21172.1, 0.04995], [21172.3, 1.01765676], [21172.4, 2.54414184], [21172.5, 0.16885]],1673975279808,2023-01-17T17:07:59.808Z
BTC/USDT,[[21166.9, 0.20649937], [21166.8, 0.00132261], [21166.5, 0.00140208], [21165.9, 0.56683617], [21165.8, 0.54502447], [21165.1, 0.40091286], [21164.8, 0.17493194], [21164.7, 0.6], [21164.3, 0.17066], [21164.1, 0.36160479], [21164.0, 0.33600008], [21163.2, 0.17066], [21163.1, 0.00266939], [21162.8, 0.30616401], [21162.7, 0.02363835], [21162.2, 0.00957146], [21162.1, 0.17066], [21161.9, 0.10057746], [21161.8, 0.25144363], [21161.7, 0.6]],[[21167.0, 0.41436817], [21167.5, 0.14089414], [21167.6, 0.22406335], [21167.9, 0.114], [21168.6, 0.47243202], [21168.8, 0.21145], [21169.0, 1.20469943], [21170.1, 0.01165541], [21170.5, 0.21145], [21170.7, 0.16768], [21170.8, 0.35], [21171.0, 0.35], [21171.3, 1.2204193], [21171.4, 0.16885], [21171.6, 0.28822286], [21171.7, 3.05104824], [21172.1, 0.04995], [21172.3, 1.01765676], [21172.4, 2.54414184], [21172.5, 0.16885]],1673975280008,2023-01-17T17:08:00.008Z
BTC/USDT,[[21168.5, 1.71265193], [21168.1, 0.00496688], [21167.9, 0.49129], [21167.8, 0.16353205], [21167.1, 1.18998741], [21167.0, 0.99115804], [21166.9, 0.74157747], [21166.4, 0.0487308], [21165.9, 0.172], [21165.8, 0.01160479], [21165.4, 0.14000007], [21165.3, 0.35], [21165.1, 0.40091286], [21165.0, 0.1016], [21164.7, 0.6], [21164.3, 0.17066], [21164.2, 0.004], [21164.1, 0.35], [21164.0, 0.33600008], [21163.4, 0.04716992]],[[21168.6, 0.00113499], [21170.1, 0.004], [21170.2, 0.0236181], [21170.4, 0.08618004], [21170.5, 0.21145], [21171.8, 0.21384462], [21172.4, 0.01165541], [21172.5, 0.47243206], [21172.6, 0.24561], [21172.7, 1.18108], [21173.3, 0.80212], [21173.4, 1.21460507], [21173.6, 2.30940536], [21173.8, 0.01893523], [21173.9, 0.1016], [21174.5, 0.049955], [21174.6, 0.17082], [21174.7, 0.02192236], [21174.9, 0.28143], [21175.5, 0.02351066]],1673975280608,2023-01-17T17:08:00.608Z
BTC/USDT,[[21168.5, 2.27302074], [21168.4, 0.11944492], [21168.2, 0.06330803], [21168.1, 0.14840087], [21167.9, 0.49129], [21167.8, 0.15827], [21167.2, 0.56676532], [21167.1, 0.62318445], [21167.0, 0.99115804], [21166.9, 0.6], [21165.9, 0.172], [21165.8, 0.01160479], [21165.4, 0.14000007], [21165.3, 0.35], [21165.1, 0.40091286], [21165.0, 0.1016], [21164.7, 0.6], [21164.4, 0.004], [21164.3, 0.17066], [21164.1, 0.35]],[[21168.6, 0.00113499], [21170.3, 0.004], [21170.4, 0.10979791], [21170.5, 0.21145], [21171.8, 0.21384462], [21172.4, 0.36165541], [21172.5, 0.47243206], [21172.6, 0.24561], [21172.7, 1.18108], [21173.3, 0.80212], [21173.4, 0.32014403], [21173.9, 0.1016], [21174.1, 0.96056579], [21174.2, 2.40141438], [21174.3, 0.26920991], [21174.4, 2.35458887], [21174.5, 0.06888961], [21174.6, 0.17082], [21174.7, 0.02192236], [21174.9, 0.28143]],1673975281058,2023-01-17T17:08:01.058Z
BTC/USDT,[[21168.5, 2.27302074], [21168.4, 0.11944492], [21168.2, 0.06330803], [21168.1, 0.14840087], [21167.9, 1.05804093], [21167.8, 0.15827], [21167.1, 0.62318445], [21167.0, 0.99115804], [21166.9, 0.6], [21165.9, 0.172], [21165.8, 0.01160479], [21165.4, 0.14000007], [21165.3, 0.35], [21165.1, 0.40091286], [21165.0, 0.1016], [21164.7, 0.6], [21164.4, 0.03815051], [21164.3, 0.17066], [21164.1, 0.354], [21164.0, 0.33600008]],[[21168.6, 0.00113499], [21170.3, 0.004], [21170.4, 0.08618004], [21170.5, 0.21145], [21171.5, 0.0236167], [21171.8, 0.21384462], [21172.1, 0.47243205], [21172.2, 1.18108], [21172.4, 0.01165541], [21172.6, 0.24561], [21173.2, 0.32084806], [21173.3, 0.80212], [21173.4, 0.27161357], [21173.9, 0.1016], [21174.1, 0.96056579], [21174.2, 2.40141438], [21174.3, 0.26920991], [21174.4, 2.35458887], [21174.5, 0.06888961], [21174.6, 0.17082]],1673975281308,2023-01-17T17:08:01.308Z
BTC/USDT,[[21168.5, 2.27302074], [21168.4, 0.11944492], [21168.2, 0.06330803], [21168.1, 0.14840087], [21168.0, 0.56673875], [21167.9, 0.49129], [21167.8, 0.15827], [21167.1, 0.62318445], [21167.0, 0.99115804], [21166.9, 0.6], [21165.9, 0.172], [21165.8, 0.01160479], [21165.4, 0.57600001], [21165.3, 1.44], [21165.1, 0.40091286], [21165.0, 0.1016], [21164.7, 0.6], [21164.4, 0.03815051], [21164.3, 0.17066], [21164.1, 0.354]],[[21168.6, 0.00113499], [21170.5, 0.23506776], [21171.8, 0.21384462], [21172.4, 0.01165541], [21172.5, 0.098244], [21172.6, 0.24561], [21172.9, 0.47243202], [21173.0, 1.18108], [21173.3, 0.80212], [21173.9, 0.35445704], [21174.1, 0.96056579], [21174.2, 1.21204636], [21174.3, 0.26920991], [21174.4, 1.21204636], [21174.5, 0.06888961], [21174.7, 0.02192236], [21174.9, 0.28143], [21175.3, 0.44720852], [21175.4, 1.1180211], [21175.5, 0.19498066]],1673975281508,2023-01-17T17:08:01.508Z
BTC/USDT,[[21162.8, 0.35630401], [21162.7, 0.02363835], [21161.9, 0.10057747], [21161.8, 0.25144363], [21161.7, 0.00934736], [21160.7, 0.24000005], [21160.6, 0.6], [21160.1, 0.56690592], [21160.0, 0.02], [21159.9, 0.24561], [21159.7, 0.03695712], [21158.6, 0.35], [21158.0, 0.17033], [21157.4, 0.004], [21157.3, 0.6], [21157.0, 0.17033], [21156.5, 0.701], [21156.1, 0.01895097], [21155.9, 0.17033], [21155.8, 0.2]],[[21162.9, 2.79976986], [21163.0, 0.00095962], [21163.1, 0.49129], [21163.2, 1.32823515], [21163.8, 0.64780453], [21163.9, 0.31354881], [21164.0, 0.21065924], [21164.1, 0.86101], [21165.7, 0.54056406], [21165.8, 0.17033], [21166.1, 1.18108], [21166.2, 0.02362254], [21166.5, 0.004], [21166.6, 0.97245], [21167.0, 0.05302325], [21167.2, 0.05423651], [21167.3, 0.13879], [21168.0, 0.76636906], [21168.1, 1.22463932], [21168.5, 0.17147]],1673975282258,2023-01-17T17:08:02.258Z
BTC/USDT,[[21162.8, 0.35630401], [21162.7, 0.02363835], [21161.9, 0.10057747], [21161.8, 0.25144363], [21161.7, 0.00934736], [21160.7, 0.24000005], [21160.6, 0.6], [21160.1, 0.56690592], [21160.0, 0.02], [21159.9, 0.24561], [21159.7, 0.03695712], [21158.6, 0.35], [21158.0, 0.17033], [21157.4, 0.004], [21157.3, 0.6], [21157.0, 0.17033], [21156.5, 0.701], [21156.1, 0.01895097], [21155.9, 0.17033], [21155.8, 0.2]],[[21162.9, 2.79976986], [21163.0, 0.00095962], [21163.1, 0.49129], [21163.2, 1.32823515], [21163.8, 0.64780453], [21163.9, 0.31354881], [21164.0, 0.21065924], [21164.1, 0.86101], [21165.7, 0.54056406], [21165.8, 0.17033], [21166.1, 1.18108], [21166.2, 0.02362254], [21166.5, 0.004], [21166.6, 0.97245], [21167.0, 0.05302325], [21167.2, 0.05423651], [21167.3, 0.13879], [21168.0, 0.76636906], [21168.1, 1.22463932], [21168.5, 0.17147]],1673975282258,2023-01-17T17:08:02.258Z
BTC/USDT,[[21162.8, 0.35630401], [21162.7, 0.02363835], [21161.9, 0.10057747], [21161.8, 0.25144363], [21161.7, 0.00934736], [21160.7, 0.24000005], [21160.6, 0.6], [21160.1, 0.56690592], [21160.0, 0.02], [21159.9, 0.24561], [21159.7, 0.03695712], [21158.6, 0.35], [21158.0, 0.17033], [21157.4, 0.004], [21157.3, 0.6], [21157.0, 0.17033], [21156.5, 0.701], [21156.1, 0.01895097], [21155.9, 0.17033], [21155.8, 0.2]],[[21162.9, 2.79976986], [21163.0, 0.00095962], [21163.1, 0.49129], [21163.2, 1.32823515], [21163.8, 0.64780453], [21163.9, 0.31354881], [21164.0, 0.21065924], [21164.1, 0.86101], [21165.7, 0.54056406], [21165.8, 0.17033], [21166.1, 1.18108], [21166.2, 0.02362254], [21166.5, 0.004], [21166.6, 0.97245], [21167.0, 0.05302325], [21167.2, 0.05423651], [21167.3, 0.13879], [21168.0, 0.76636906], [21168.1, 1.22463932], [21168.5, 0.17147]],1673975282258,2023-01-17T17:08:02.258Z
BTC/USDT,[[21161.8, 0.25144363], [21160.0, 0.02], [21159.7, 0.03695712], [21159.3, 0.02356376], [21158.7, 0.1016], [21157.7, 0.56698897], [21157.6, 0.56502369], [21157.5, 0.24561], [21157.4, 0.6], [21156.7, 0.004], [21156.6, 0.04716992], [21156.5, 0.001], [21155.9, 0.17033], [21155.5, 0.00950666], [21155.2, 1.766e-05], [21155.0, 0.17147], [21154.9, 0.00999936], [21154.8, 0.10082], [21154.6, 3.955e-05], [21154.5, 0.2147]],[[21161.9, 3.92331575], [21162.2, 0.20836404], [21162.8, 1.79169244], [21162.9, 3.47766634], [21163.1, 0.49129], [21163.2, 0.37435893], [21163.9, 0.1016], [21164.1, 0.21827], [21164.5, 0.17033], [21164.8, 0.472432], [21164.9, 1.18108], [21165.1, 0.02362377], [21165.8, 0.220075], [21166.5, 0.95596904], [21166.6, 0.97245], [21166.9, 0.02175006], [21167.2, 0.17317758], [21167.3, 0.13879], [21168.0, 0.71660306], [21168.1, 1.22463932]],1673975283358,2023-01-17T17:08:03.358Z
BTC/USDT,[[21161.8, 0.22144363], [21160.0, 0.02], [21159.7, 0.03695712], [21159.3, 0.02356376], [21158.7, 0.1016], [21157.8, 0.004], [21157.7, 0.56698897], [21157.6, 0.56502369], [21157.5, 0.24561], [21157.4, 0.6], [21157.2, 0.0096381], [21156.5, 0.001], [21155.9, 0.17033], [21155.5, 0.00950666], [21155.2, 1.766e-05], [21155.0, 0.21863992], [21154.9, 0.00999936], [21154.8, 0.10082], [21154.6, 3.955e-05], [21154.5, 0.2147]],[[21161.9, 3.92979083], [21162.2, 0.20836404], [21162.8, 1.79169244], [21162.9, 3.47766634], [21163.1, 0.49129], [21163.2, 0.16290893], [21163.9, 0.1016], [21164.1, 0.15827], [21164.5, 0.17033], [21164.8, 0.472432], [21164.9, 1.18108], [21165.1, 0.02362377], [21165.8, 0.220075], [21166.5, 0.38898007], [21166.6, 0.97245], [21166.8, 0.56698897], [21166.9, 0.02175006], [21167.2, 0.15423651], [21167.3, 0.13879], [21167.8, 0.01894051]],1673975283658,2023-01-17T17:08:03.658Z
BTC/USDT,[[21161.8, 0.21508198], [21160.0, 0.02], [21157.6, 0.37886802], [21157.5, 0.24561], [21157.4, 0.93221088], [21157.2, 0.0096381], [21156.5, 0.001], [21156.1, 0.2634091], [21156.0, 0.5669923], [21155.9, 0.17033], [21155.5, 0.00950666], [21155.2, 1.766e-05], [21155.0, 0.21863992], [21154.9, 0.00999936], [21154.8, 0.10082], [21154.6, 0.00403955], [21154.5, 0.2147], [21154.4, 0.77237], [21153.9, 0.015], [21153.8, 0.17316]],[[21161.9, 4.05328572], [21162.2, 0.20836404], [21162.3, 0.1016], [21162.8, 1.79169244], [21162.9, 2.23166634], [21163.1, 0.49129], [21163.2, 0.16290893], [21164.1, 0.21827], [21164.4, 0.01165541], [21164.5, 0.17033], [21164.8, 0.472432], [21164.9, 1.18108], [21165.0, 0.10072], [21165.1, 0.02362377], [21165.7, 0.08803001], [21165.8, 0.220075], [21166.4, 0.56698897], [21166.5, 0.38898007], [21166.6, 0.97245], [21166.9, 0.02175006]],1673975284008,2023-01-17T17:08:04.008Z
BTC/USDT,[[21160.0, 0.02], [21158.9, 0.02350553], [21158.2, 0.24561], [21157.6, 0.2674316], [21157.5, 0.56701888], [21157.4, 0.10156], [21157.2, 0.0096381], [21156.5, 0.251], [21156.4, 0.14000007], [21156.3, 0.41813204], [21156.2, 0.154], [21156.1, 0.03661215], [21155.9, 0.17033], [21155.5, 0.00950666], [21155.2, 1.766e-05], [21155.0, 0.21863992], [21154.9, 0.00999936], [21154.8, 0.10082], [21154.6, 0.39486758], [21154.4, 0.98707]],[[21160.1, 0.99318545], [21160.4, 0.23995684], [21161.2, 0.00049453], [21161.4, 0.004], [21161.5, 0.69814831], [21161.8, 1.39537075], [21161.9, 0.70362266], [21162.3, 0.1016], [21162.7, 0.16939], [21162.8, 1.78632018], [21162.9, 2.05829226], [21163.2, 0.15827], [21163.7, 0.06775603], [21163.8, 0.16939], [21164.0, 0.02362501], [21164.1, 0.15827], [21164.5, 2.74315609], [21164.8, 1.41920021], [21164.9, 3.54800035], [21165.0, 0.10072]],1673975285158,2023-01-17T17:08:05.158Z
BTC/USDT,[[21160.0, 0.02], [21158.9, 0.02350553], [21158.2, 0.24561], [21157.6, 0.2674316], [21157.5, 0.56701888], [21157.4, 0.10156], [21157.2, 0.0096381], [21156.5, 0.251], [21156.4, 0.14000007], [21156.3, 0.41813204], [21156.2, 0.154], [21156.1, 0.03661215], [21155.9, 0.17033], [21155.5, 0.00950666], [21155.2, 1.766e-05], [21155.0, 0.21863992], [21154.9, 0.00999936], [21154.8, 0.10082], [21154.6, 0.39486758], [21154.4, 0.98707]],[[21160.1, 0.99318545], [21160.4, 0.23995684], [21161.2, 0.00049453], [21161.4, 0.004], [21161.5, 0.69814831], [21161.8, 1.39537075], [21161.9, 0.70362266], [21162.3, 0.1016], [21162.7, 0.16939], [21162.8, 1.78632018], [21162.9, 2.05829226], [21163.2, 0.15827], [21163.7, 0.06775603], [21163.8, 0.16939], [21164.0, 0.02362501], [21164.1, 0.15827], [21164.5, 2.74315609], [21164.8, 1.41920021], [21164.9, 3.54800035], [21165.0, 0.10072]],1673975285158,2023-01-17T17:08:05.158Z
BTC/USDT,[[21160.0, 0.02], [21158.9, 0.02350553], [21158.2, 0.24561], [21157.6, 0.2674316], [21157.5, 0.56701888], [21157.4, 0.10156], [21157.2, 0.0096381], [21156.5, 0.251], [21156.4, 0.14000007], [21156.3, 0.41813204], [21156.2, 0.154], [21156.1, 0.03661215], [21155.9, 0.17033], [21155.5, 0.00950666], [21155.2, 1.766e-05], [21155.0, 0.21863992], [21154.9, 0.00999936], [21154.8, 0.10082], [21154.6, 0.39486758], [21154.4, 0.98707]],[[21160.1, 0.99318545], [21160.4, 0.23995684], [21161.2, 0.00049453], [21161.4, 0.004], [21161.5, 0.69814831], [21161.8, 1.39537075], [21161.9, 0.70362266], [21162.3, 0.1016], [21162.7, 0.16939], [21162.8, 1.78632018], [21162.9, 2.05829226], [21163.2, 0.15827], [21163.7, 0.06775603], [21163.8, 0.16939], [21164.0, 0.02362501], [21164.1, 0.15827], [21164.5, 2.74315609], [21164.8, 1.41920021], [21164.9, 3.54800035], [21165.0, 0.10072]],1673975285158,2023-01-17T17:08:05.158Z
BTC/USDT,[[21160.0, 0.01873624], [21159.3, 0.10114013], [21158.9, 0.02350553], [21158.0, 0.56697679], [21157.8, 0.637776], [21157.2, 0.02124289], [21156.5, 0.001], [21156.4, 0.14000007], [21156.3, 0.06813204], [21155.9, 0.17033], [21155.5, 0.00950666], [21155.2, 1.766e-05], [21155.0, 0.21863992], [21154.9, 0.00999936], [21154.8, 0.10082], [21154.6, 0.39486758], [21154.4, 0.77237], [21153.9, 0.015], [21153.8, 0.17316], [21153.7, 0.07103]],[[21160.1, 1.19497759], [21160.2, 0.11944492], [21161.4, 1.33e-05], [21161.6, 0.10398246], [21161.7, 0.25595595], [21161.8, 0.004], [21161.9, 0.21145], [21162.1, 0.06], [21162.6, 0.24561], [21162.7, 0.90756637], [21162.8, 0.21145], [21162.9, 2.05746579], [21163.1, 0.00526493], [21163.2, 0.16992541], [21163.7, 0.068012], [21163.8, 0.17003], [21164.0, 0.02362501], [21164.1, 0.25987], [21164.4, 0.61973039], [21164.5, 1.54932581]],1673975286008,2023-01-17T17:08:06.008Z
BTC/USDT,[[21160.0, 0.01873624], [21159.3, 0.10114013], [21158.9, 0.02350553], [21158.0, 0.56697679], [21157.8, 0.637776], [21157.2, 0.02124289], [21156.5, 0.001], [21156.4, 0.14000007], [21156.3, 0.06813204], [21155.9, 0.17033], [21155.5, 0.00950666], [21155.2, 1.766e-05], [21155.0, 0.21863992], [21154.9, 0.00999936], [21154.8, 0.10082], [21154.6, 0.39486758], [21154.4, 0.77237], [21153.9, 0.015], [21153.8, 0.17316], [21153.7, 0.07103]],[[21160.1, 1.19497759], [21160.2, 0.11944492], [21161.4, 1.33e-05], [21161.6, 0.10398246], [21161.7, 0.25595595], [21161.8, 0.004], [21161.9, 0.21145], [21162.1, 0.06], [21162.6, 0.24561], [21162.7, 0.90756637], [21162.8, 0.21145], [21162.9, 2.05746579], [21163.1, 0.00526493], [21163.2, 0.16992541], [21163.7, 0.068012], [21163.8, 0.17003], [21164.0, 0.02362501], [21164.1, 0.25987], [21164.4, 0.61973039], [21164.5, 1.54932581]],1673975286008,2023-01-17T17:08:06.008Z
BTC/USDT,[[21157.9, 0.3933843], [21157.8, 0.037776], [21157.6, 0.10145], [21157.2, 0.0096381], [21156.8, 0.56700116], [21156.7, 0.08778979], [21156.5, 0.001], [21155.5, 0.00950666], [21155.2, 0.01162245], [21154.9, 0.00999936], [21154.8, 0.10082], [21154.6, 0.39486758], [21154.4, 0.6], [21153.9, 0.015], [21153.8, 0.17316], [21153.6, 0.00233333], [21153.4, 0.10666731], [21153.3, 0.26666806], [21153.1, 0.04716992], [21152.7, 0.17316]],[[21158.0, 0.58951326], [21159.0, 0.00156081], [21159.3, 0.00015677], [21159.5, 0.00015581], [21160.0, 0.54071192], [21160.1, 0.86745675], [21160.6, 0.16945], [21160.7, 0.004], [21160.8, 0.06026935], [21161.3, 0.02362798], [21161.6, 0.07943548], [21161.7, 0.16945], [21161.9, 1.39253], [21162.4, 0.1016], [21162.7, 1.07701637], [21162.8, 0.21145], [21162.9, 1.7873], [21163.1, 0.00526493], [21163.2, 0.15827], [21163.3, 0.80212]],1673975287008,2023-01-17T17:08:07.008Z
BTC/USDT,[[21157.8, 0.35789285], [21157.6, 0.10145], [21157.2, 0.0096381], [21156.9, 0.31814321], [21156.8, 0.5670078], [21156.7, 0.22735], [21156.5, 0.001], [21155.7, 0.24561], [21155.5, 0.00950666], [21155.2, 0.01162245], [21154.9, 0.00999936], [21154.8, 0.10082], [21154.6, 3.955e-05], [21154.0, 0.004], [21153.9, 0.015], [21153.8, 0.17316], [21153.6, 0.00233333], [21153.4, 0.10666731], [21153.3, 0.26666806], [21153.1, 0.04716992]],[[21157.9, 0.61114127], [21160.0, 0.54071192], [21160.1, 0.71196382], [21160.6, 0.16945], [21160.7, 0.004], [21161.3, 0.03528339], [21161.6, 0.14000006], [21161.7, 0.16945], [21161.8, 0.35], [21161.9, 1.39253], [21162.4, 0.1016], [21162.7, 1.07701637], [21162.8, 0.21145], [21162.9, 1.7873], [21163.1, 0.00526493], [21163.2, 0.15827], [21163.3, 0.80212], [21163.7, 1.3677703], [21163.8, 0.17003], [21164.1, 0.15827]],1673975288008,2023-01-17T17:08:08.008Z
BTC/USDT,[[21157.8, 0.35789285], [21157.6, 0.10145], [21157.2, 0.0096381], [21156.9, 0.31814321], [21156.8, 0.5670078], [21156.7, 0.22735], [21156.5, 0.001], [21155.7, 0.24561], [21155.5, 0.00950666], [21155.2, 0.01162245], [21154.9, 0.00999936], [21154.8, 0.10082], [21154.6, 3.955e-05], [21154.0, 0.004], [21153.9, 0.015], [21153.8, 0.17316], [21153.6, 0.00233333], [21153.4, 0.10666731], [21153.3, 0.26666806], [21153.1, 0.04716992]],[[21157.9, 0.61114127], [21160.0, 0.54071192], [21160.1, 0.71196382], [21160.6, 0.16945], [21160.7, 0.004], [21161.3, 0.03528339], [21161.6, 0.14000006], [21161.7, 0.16945], [21161.8, 0.35], [21161.9, 1.39253], [21162.4, 0.1016], [21162.7, 1.07701637], [21162.8, 0.21145], [21162.9, 1.7873], [21163.1, 0.00526493], [21163.2, 0.15827], [21163.3, 0.80212], [21163.7, 1.3677703], [21163.8, 0.17003], [21164.1, 0.15827]],1673975288008,2023-01-17T17:08:08.008Z
BTC/USDT,[[21156.5, 0.20016], [21155.9, 0.36220886], [21155.8, 0.1016], [21155.6, 0.79441539], [21155.5, 0.00950666], [21155.2, 1.766e-05], [21154.9, 0.00999936], [21154.6, 3.955e-05], [21153.9, 0.015], [21153.7, 0.01160479], [21153.6, 0.00233333], [21153.3, 0.10018806], [21152.5, 0.00015556], [21152.3, 0.75529164], [21152.2, 0.76604], [21152.1, 0.07103], [21152.0, 1.88822889], [21151.7, 0.004], [21151.6, 0.17316], [21151.5, 0.005]],[[21156.6, 0.61029027], [21157.3, 0.21145], [21157.5, 0.168], [21157.7, 0.17320342], [21157.8, 0.14316056], [21157.9, 0.28918], [21158.3, 0.00088171], [21158.4, 0.25681426], [21158.9, 0.00052589], [21159.2, 0.16968], [21159.5, 0.06], [21159.6, 0.01165541], [21160.0, 0.19658], [21160.1, 0.48145], [21160.6, 0.27105], [21161.3, 0.02362798], [21161.5, 0.35], [21161.6, 0.23824405], [21161.7, 0.16945], [21161.8, 0.59561]],1673975288708,2023-01-17T17:08:08.708Z
BTC/USDT,[[21156.5, 0.17316], [21155.8, 0.1016], [21155.5, 0.00950666], [21155.2, 1.766e-05], [21155.1, 0.2308277], [21155.0, 0.56706982], [21154.9, 0.00999936], [21154.6, 3.955e-05], [21154.2, 0.35], [21153.9, 0.015], [21153.6, 0.00233333], [21153.4, 0.004], [21153.3, 0.10018806], [21152.5, 0.00015556], [21152.3, 1.09011964], [21152.2, 0.6], [21152.0, 1.88822889], [21151.6, 0.17316], [21151.5, 0.005], [21150.9, 0.07103]],[[21156.6, 0.74396556], [21157.3, 0.21145], [21157.5, 0.168], [21157.9, 0.21145], [21158.3, 0.10690105], [21158.4, 0.25681426], [21158.9, 0.00052589], [21159.2, 0.16968], [21159.9, 0.35], [21160.0, 0.19258], [21160.1, 0.48145], [21160.6, 0.27105], [21161.3, 0.02362798], [21161.5, 0.35], [21161.6, 0.23824405], [21161.7, 0.16945], [21161.8, 0.59561], [21161.9, 1.39253], [21162.7, 1.07701637], [21162.9, 1.57585]],1673975289008,2023-01-17T17:08:09.008Z
BTC/USDT,[[21155.5, 0.06019358], [21155.4, 0.02376019], [21155.2, 1.766e-05], [21154.9, 0.00999936], [21154.7, 0.22735], [21154.6, 3.955e-05], [21154.3, 0.26745107], [21154.2, 0.56706761], [21154.1, 0.10156], [21153.9, 0.015], [21153.6, 0.00233333], [21153.3, 0.10018806], [21152.7, 0.01160479], [21152.5, 0.00015556], [21152.3, 1.09011964], [21152.2, 0.6], [21152.0, 1.88822889], [21151.7, 0.004], [21151.6, 0.17316], [21151.5, 0.005]],[[21155.6, 0.72101394], [21156.5, 0.004], [21156.6, 0.21145], [21156.8, 0.21969384], [21157.2, 0.08458], [21157.3, 0.21145], [21157.8, 0.20796313], [21157.9, 0.21157938], [21158.2, 0.51990772], [21158.3, 0.06], [21158.6, 0.01165541], [21158.8, 0.1016], [21159.1, 0.47243204], [21159.2, 0.16968], [21159.5, 1.18108], [21159.9, 0.35], [21160.0, 0.02362945], [21160.1, 0.48145], [21160.5, 0.06778006], [21160.6, 0.16945]],1673975289758,2023-01-17T17:08:09.758Z
BTC/USDT,[[21155.5, 0.04024753], [21155.4, 0.02376019], [21155.2, 1.766e-05], [21154.9, 0.00999936], [21154.6, 3.955e-05], [21154.1, 0.10156], [21153.9, 0.015], [21153.6, 0.00233333], [21153.5, 0.266905], [21153.4, 0.56707425], [21153.3, 0.10018806], [21152.5, 0.00015556], [21152.3, 1.09011964], [21152.2, 0.6], [21152.0, 1.88822889], [21151.5, 0.005], [21150.6, 0.00038112], [21150.5, 0.18063936], [21150.1, 0.53954809], [21150.0, 0.60350501]],[[21155.6, 0.93246394], [21156.4, 0.00022434], [21156.5, 0.004], [21156.6, 0.21145], [21156.8, 0.21969384], [21157.0, 9.599e-05], [21157.2, 0.08458], [21157.3, 0.21145], [21157.5, 0.0001346], [21157.8, 0.20796313], [21157.9, 0.21145], [21158.2, 0.51953], [21158.3, 0.06], [21158.8, 0.1016], [21159.1, 0.47243204], [21159.2, 0.16968], [21159.5, 1.18108], [21159.9, 0.35], [21160.0, 0.02362945], [21160.1, 0.27]],1673975290008,2023-01-17T17:08:10.008Z
BTC/USDT,[[21155.5, 1.7026568], [21155.2, 0.02391334], [21154.9, 0.00999936], [21154.6, 3.955e-05], [21153.9, 0.015], [21153.6, 0.00233333], [21153.3, 0.00032206], [21153.1, 0.14000009], [21153.0, 0.35], [21152.9, 0.1688], [21152.7, 0.01160479], [21152.5, 0.00015556], [21152.3, 1.09011964], [21152.2, 0.6], [21152.0, 1.88822889], [21151.8, 0.1688], [21151.5, 0.005], [21150.6, 0.00438112], [21150.5, 0.18063936], [21150.1, 0.53554809]],[[21155.6, 0.2], [21159.0, 0.00535253], [21159.1, 0.08498621], [21159.2, 0.21209495], [21159.7, 0.71804202], [21159.8, 1.18108], [21160.0, 0.03528486], [21160.1, 0.27], [21160.5, 0.1016], [21160.6, 0.16945], [21161.7, 0.16945], [21162.2, 0.1], [21162.7, 1.07701637], [21162.9, 1.57585], [21163.0, 1.08705132], [21163.1, 2.7176282], [21163.2, 0.15827], [21163.3, 0.80212], [21163.8, 0.17003], [21164.1, 0.15827]],1673975290558,2023-01-17T17:08:10.558Z
BTC/USDT,[[21155.5, 2.3026568], [21155.2, 0.02391334], [21154.9, 0.00999936], [21154.6, 3.955e-05], [21154.3, 0.00937396], [21153.9, 0.015], [21153.6, 0.00233333], [21153.3, 0.00032206], [21153.2, 0.35], [21153.1, 0.14000009], [21153.0, 0.35], [21152.9, 0.1688], [21152.7, 0.01160479], [21152.5, 0.00015556], [21152.4, 0.24561], [21152.3, 1.09411964], [21152.2, 0.6], [21152.0, 1.88822889], [21151.8, 0.1688], [21151.5, 0.104867]],[[21155.6, 0.2], [21159.0, 0.004], [21159.1, 0.08498621], [21159.2, 0.21209495], [21160.0, 0.03528486], [21160.1, 0.27], [21160.4, 0.75868205], [21160.5, 1.28268], [21160.6, 0.16945], [21161.6, 0.06778006], [21161.7, 0.16945], [21162.7, 1.07701637], [21162.9, 1.57585], [21163.0, 1.08705132], [21163.1, 2.7176282], [21163.2, 0.15827], [21163.3, 0.80212], [21163.8, 0.17003], [21164.1, 0.15827], [21164.4, 0.08808049]],1673975291008,2023-01-17T17:08:11.008Z
BTC/USDT,[[21155.5, 1.7026568], [21155.2, 0.02391334], [21154.9, 0.00999936], [21154.6, 3.955e-05], [21154.3, 0.00937396], [21153.9, 0.015], [21153.6, 0.00233333], [21153.3, 0.00032206], [21153.2, 0.35], [21153.1, 0.14000009], [21153.0, 0.35], [21152.9, 0.1688], [21152.7, 0.01160479], [21152.5, 0.00015556], [21152.3, 1.09011964], [21152.2, 0.6], [21152.0, 1.88822889], [21151.8, 0.1688], [21151.5, 0.104867], [21150.7, 0.07103]],[[21155.6, 0.2], [21158.3, 0.06], [21159.0, 0.004], [21159.1, 0.08498621], [21159.2, 0.21209495], [21160.0, 0.03586752], [21160.1, 0.27], [21160.4, 0.75868205], [21160.5, 1.28268], [21160.6, 0.16945], [21161.6, 0.06778006], [21161.7, 0.16945], [21162.7, 1.07701637], [21162.9, 1.57585], [21163.0, 1.08705132], [21163.1, 2.7176282], [21163.2, 0.15827], [21163.3, 0.80212], [21163.8, 0.17003], [21164.1, 0.15827]],1673975291108,2023-01-17T17:08:11.108Z
BTC/USDT,[[21155.5, 0.79968592], [21155.2, 0.59098981], [21154.9, 0.00999936], [21154.6, 3.955e-05], [21154.3, 0.00937396], [21153.9, 0.015], [21153.6, 0.00233333], [21153.3, 0.28032213], [21153.2, 0.35], [21153.0, 0.35], [21152.9, 0.1688], [21152.7, 0.01160479], [21152.5, 0.00015556], [21152.3, 1.09011964], [21152.2, 0.6], [21152.0, 1.88822889], [21151.8, 0.1688], [21151.6, 0.004], [21151.5, 0.104867], [21150.7, 0.07103]],[[21155.6, 0.64693485], [21157.4, 0.004], [21157.5, 0.21885272], [21158.3, 0.06], [21159.1, 0.09664162], [21159.3, 0.16884], [21160.0, 0.37362945], [21160.1, 0.27], [21160.4, 0.75868205], [21160.5, 1.28268], [21160.6, 0.16945], [21161.6, 0.06778006], [21161.7, 0.16945], [21162.7, 1.07701637], [21162.9, 4.43541973], [21163.1, 2.7176282], [21163.2, 0.15827], [21163.3, 0.80212], [21163.8, 0.73710647], [21163.9, 0.02379171]],1673975291558,2023-01-17T17:08:11.558Z
BTC/USDT,[[21155.5, 1.5469445], [21155.4, 0.04777975], [21155.3, 0.11944492], [21155.2, 0.02391334], [21154.9, 0.00999936], [21154.6, 3.955e-05], [21154.3, 0.00937396], [21153.9, 0.015], [21153.7, 0.35], [21153.6, 0.00233333], [21153.4, 0.35], [21153.3, 0.28032213], [21153.2, 0.35], [21153.0, 0.35], [21152.9, 0.1688], [21152.7, 0.01160479], [21152.5, 0.00015556], [21152.3, 1.09011964], [21152.2, 0.6], [21152.0, 1.88822889]],[[21155.6, 0.51343485], [21157.4, 0.004], [21157.5, 0.21885272], [21159.1, 0.09664162], [21159.3, 0.16884], [21160.0, 0.02362945], [21160.1, 0.27], [21160.3, 0.35], [21160.4, 0.51307205], [21160.5, 1.28268], [21160.6, 0.16945], [21161.6, 0.06778006], [21161.7, 0.16945], [21162.7, 1.81527874], [21162.9, 4.43541973], [21163.1, 2.7176282], [21163.2, 0.15827], [21163.3, 0.80212], [21163.8, 0.17003], [21163.9, 0.02379171]],1673975292108,2023-01-17T17:08:12.108Z
BTC/USDT,[[21155.5, 0.79968592], [21155.4, 0.23639995], [21155.3, 0.56708644], [21155.2, 0.02391334], [21154.9, 0.00999936], [21154.6, 3.955e-05], [21154.3, 0.00937396], [21153.9, 0.015], [21153.7, 0.35], [21153.6, 0.00233333], [21153.4, 0.35], [21153.3, 0.28032213], [21153.2, 0.35], [21153.0, 0.35], [21152.9, 0.1688], [21152.8, 0.004], [21152.7, 0.01160479], [21152.5, 0.00015556], [21152.3, 1.09011964], [21152.2, 0.6]],[[21155.6, 1.04879568], [21157.4, 0.004], [21157.5, 0.21885272], [21159.1, 0.09664162], [21159.3, 0.16884], [21159.9, 0.35], [21160.0, 0.37362945], [21160.1, 0.27], [21160.3, 0.35], [21160.4, 0.75868205], [21160.5, 1.28268], [21160.6, 0.16945], [21161.6, 0.06778006], [21161.7, 0.16945], [21162.7, 1.81527874], [21162.9, 4.43541973], [21163.1, 2.8176282], [21163.2, 0.15827], [21163.3, 0.80212], [21163.8, 0.17003]],1673975292758,2023-01-17T17:08:12.758Z
BTC/USDT,[[21155.5, 0.54159148], [21155.4, 0.00280425], [21155.2, 0.02391334], [21154.9, 0.00999936], [21154.6, 3.955e-05], [21154.2, 0.56708644], [21154.1, 0.23283464], [21153.9, 0.015], [21153.6, 0.00233333], [21153.4, 0.3], [21153.3, 0.00032206], [21152.5, 0.00015556], [21152.4, 0.004], [21152.3, 1.09011964], [21152.2, 0.6], [21152.0, 1.88822889], [21151.5, 0.104867], [21150.6, 0.00038112], [21150.5, 0.18063936], [21150.1, 0.32084809]],[[21155.6, 0.71729568], [21157.4, 0.08754114], [21157.5, 0.21885272], [21158.1, 0.004], [21158.2, 0.1689], [21158.3, 0.06], [21159.3, 0.16884], [21159.9, 0.35], [21160.0, 0.37362945], [21160.1, 0.27], [21160.3, 0.35], [21160.4, 0.51307205], [21160.5, 1.28268], [21160.6, 0.16945], [21161.6, 0.06778006], [21161.7, 0.16945], [21162.7, 1.81527874], [21162.9, 4.43541973], [21163.1, 2.8176282], [21163.2, 0.15827]],1673975293308,2023-01-17T17:08:13.308Z
BTC/USDT,[[21155.5, 0.6807182], [21155.4, 0.00280425], [21155.3, 0.56708644], [21155.2, 0.02391334], [21155.1, 0.23083388], [21154.9, 0.00999936], [21154.6, 3.955e-05], [21153.9, 0.015], [21153.7, 0.35929545], [21153.6, 0.00233333], [21153.4, 0.3], [21153.3, 0.00032206], [21152.9, 0.1689], [21152.7, 0.01160479], [21152.5, 0.00015556], [21152.4, 0.24961], [21152.3, 1.09011964], [21152.2, 0.6], [21152.0, 1.88822889], [21151.8, 0.1689]],[[21155.6, 0.55343485], [21157.4, 0.08754114], [21157.5, 0.21885272], [21158.1, 0.004], [21159.0, 0.01165541], [21159.3, 0.16884], [21159.9, 0.35], [21160.0, 0.37362945], [21160.1, 0.27], [21160.3, 0.35], [21160.4, 0.51307205], [21160.5, 1.28268], [21160.6, 0.16945], [21161.6, 0.06778006], [21161.7, 0.16945], [21162.7, 1.81527874], [21162.9, 4.43541973], [21163.1, 2.8176282], [21163.2, 0.15827], [21163.3, 0.80212]],1673975293808,2023-01-17T17:08:13.808Z
BTC/USDT,[[21155.5, 2.09833744], [21155.4, 0.00280425], [21155.2, 0.02391334], [21154.9, 0.00999936], [21154.6, 3.955e-05], [21153.9, 0.365], [21153.8, 0.26465159], [21153.7, 0.35929545], [21153.6, 0.00233333], [21153.5, 0.004], [21153.4, 0.3], [21153.3, 0.00032206], [21152.9, 0.1689], [21152.7, 0.01160479], [21152.5, 0.00015556], [21152.3, 1.09011964], [21152.2, 0.6], [21152.0, 1.88822889], [21151.8, 0.1689], [21151.5, 0.104867]],[[21155.6, 0.2], [21159.9, 0.01431805], [21160.0, 0.37362945], [21160.1, 0.274], [21160.2, 0.21785938], [21160.3, 0.24561], [21160.4, 0.58245205], [21160.5, 1.18108], [21161.7, 0.16945], [21162.1, 0.1016], [21162.7, 1.07701637], [21162.9, 1.89669802], [21163.1, 2.54273012], [21163.2, 0.15827], [21163.3, 3.21721632], [21163.8, 0.17003], [21163.9, 0.02379171], [21164.1, 0.15827], [21164.5, 0.220201], [21165.0, 0.10129]],1673975294208,2023-01-17T17:08:14.208Z
BTC/USDT,[[21155.5, 2.09833744], [21155.4, 0.00280425], [21155.2, 0.02391334], [21154.9, 0.00999936], [21154.6, 3.955e-05], [21153.9, 0.365], [21153.8, 0.26465159], [21153.7, 0.35929545], [21153.6, 0.00233333], [21153.5, 0.004], [21153.4, 0.3], [21153.3, 0.00032206], [21152.9, 0.1689], [21152.7, 0.01160479], [21152.5, 0.00015556], [21152.3, 1.09011964], [21152.2, 0.6], [21152.0, 1.88822889], [21151.8, 0.1689], [21151.5, 0.104867]],[[21155.6, 0.2], [21159.9, 0.01431805], [21160.0, 0.37362945], [21160.1, 0.274], [21160.2, 0.21785938], [21160.3, 0.24561], [21160.4, 0.58245205], [21160.5, 1.18108], [21161.7, 0.16945], [21162.1, 0.1016], [21162.7, 1.07701637], [21162.9, 1.89669802], [21163.1, 2.54273012], [21163.2, 0.15827], [21163.3, 3.21721632], [21163.8, 0.17003], [21163.9, 0.02379171], [21164.1, 0.15827], [21164.5, 0.220201], [21165.0, 0.10129]],1673975294208,2023-01-17T17:08:14.208Z
BTC/USDT,[[21155.5, 2.07512141], [21155.4, 0.00280425], [21155.2, 0.02391334], [21154.9, 0.00999936], [21154.6, 3.955e-05], [21153.9, 0.365], [21153.8, 0.26465159], [21153.7, 0.35929545], [21153.6, 0.00233333], [21153.4, 0.3], [21153.3, 0.00032206], [21152.9, 0.1689], [21152.7, 0.01160479], [21152.5, 0.00015556], [21152.4, 0.004], [21152.3, 1.09011964], [21152.2, 0.6], [21152.0, 1.88822889], [21151.8, 0.1689], [21151.5, 0.104867]],[[21155.6, 0.2], [21158.3, 0.06], [21158.4, 0.004], [21158.5, 0.09270296], [21158.6, 0.23175739], [21159.6, 0.01165541], [21160.0, 0.02362945], [21160.1, 0.27], [21160.2, 0.35], [21160.3, 0.24561], [21160.4, 0.75081205], [21160.5, 1.18108], [21161.7, 0.16945], [21162.1, 0.1016], [21162.7, 1.07701637], [21162.9, 1.89669802], [21163.1, 2.52374645], [21163.2, 0.15827], [21163.3, 3.21721632], [21163.8, 0.17003]],1673975295008,2023-01-17T17:08:15.008Z
BTC/USDT,[[21155.5, 2.70032157], [21155.4, 0.00280425], [21155.2, 0.02391334], [21154.9, 0.00999936], [21154.8, 0.1016], [21154.6, 3.955e-05], [21154.1, 0.42971822], [21154.0, 0.35], [21153.9, 0.365], [21153.7, 0.35929545], [21153.6, 0.00233333], [21153.4, 0.3], [21153.3, 0.00032206], [21152.9, 0.1689], [21152.7, 0.01160479], [21152.5, 0.00015556], [21152.3, 1.09011964], [21152.2, 0.6], [21152.0, 1.88822889], [21151.8, 0.1689]],[[21155.6, 0.2], [21158.6, 0.23175739], [21160.0, 0.25557866], [21160.1, 0.27], [21160.3, 0.24961], [21160.7, 0.01165541], [21160.9, 0.47243209], [21161.0, 1.18108], [21162.7, 1.07701637], [21162.9, 1.89669802], [21163.1, 0.10526493], [21163.2, 0.15827], [21163.3, 0.80212], [21163.4, 0.1016], [21163.8, 0.17003], [21164.0, 0.01898284], [21164.1, 0.15827], [21164.5, 0.17033], [21165.8, 0.17033], [21165.9, 0.1]],1673975295458,2023-01-17T17:08:15.458Z
BTC/USDT,[[21155.5, 2.10032157], [21155.4, 0.00280425], [21155.2, 0.02391334], [21154.9, 0.00999936], [21154.8, 0.1016], [21154.6, 3.955e-05], [21154.1, 0.42971822], [21154.0, 0.35], [21153.9, 0.365], [21153.7, 0.35929545], [21153.6, 0.00233333], [21153.4, 0.3], [21153.3, 0.00032206], [21152.9, 0.1689], [21152.7, 0.01160479], [21152.5, 0.00015556], [21152.3, 1.09411964], [21152.2, 0.6], [21152.0, 1.88822889], [21151.8, 0.1689]],[[21155.6, 0.2], [21158.3, 0.06], [21158.5, 0.004], [21158.6, 0.23175739], [21160.0, 0.04933459], [21160.1, 0.27], [21160.2, 0.57693819], [21160.3, 0.24561], [21160.4, 0.01165541], [21160.5, 1.18108], [21162.7, 1.07701637], [21162.8, 0.13405964], [21162.9, 1.89669802], [21163.1, 0.10526493], [21163.2, 0.15827], [21163.3, 0.80212], [21163.4, 0.1016], [21163.8, 0.17003], [21164.0, 0.01898284], [21164.1, 0.15827]],1673975295808,2023-01-17T17:08:15.808Z
BTC/USDT,[[21155.5, 2.06162238], [21155.4, 0.00280425], [21155.2, 0.02391334], [21154.9, 0.00999936], [21154.8, 0.1016], [21154.6, 3.955e-05], [21154.2, 0.35], [21154.1, 0.42971822], [21154.0, 0.35], [21153.9, 0.365], [21153.7, 0.36329545], [21153.6, 0.00233333], [21153.4, 0.3], [21153.3, 0.00032206], [21152.9, 0.1689], [21152.7, 0.01160479], [21152.5, 0.00015556], [21152.3, 1.09011964], [21152.2, 0.6], [21152.0, 1.88822889]],[[21155.6, 0.2], [21158.3, 0.06], [21158.5, 0.004], [21158.6, 0.23175739], [21160.0, 0.04933459], [21160.1, 0.27], [21160.2, 0.5885936], [21160.3, 0.24561], [21160.5, 1.18108], [21161.4, 0.16844], [21162.7, 1.07701637], [21162.8, 0.13405964], [21162.9, 1.89669802], [21163.1, 0.10526493], [21163.2, 0.15827], [21163.3, 0.80212], [21163.4, 0.1016], [21163.8, 0.17003], [21164.0, 0.01898284], [21164.1, 1.30525454]],1673975296008,2023-01-17T17:08:16.008Z
BTC/USDT,[[21155.5, 2.06162238], [21155.4, 0.00280425], [21155.2, 0.02391334], [21154.9, 0.00999936], [21154.8, 0.1016], [21154.6, 3.955e-05], [21154.2, 0.35], [21154.1, 0.42971822], [21154.0, 0.35], [21153.9, 0.365], [21153.7, 0.36329545], [21153.6, 0.00233333], [21153.4, 0.3], [21153.3, 0.00032206], [21152.9, 0.1689], [21152.7, 0.01160479], [21152.5, 0.00015556], [21152.3, 1.09011964], [21152.2, 0.6], [21152.0, 1.88822889]],[[21155.6, 0.2], [21158.3, 0.06], [21158.5, 0.004], [21158.6, 0.23175739], [21160.0, 0.04933459], [21160.1, 0.27], [21160.2, 0.5885936], [21160.3, 0.24561], [21160.5, 1.18108], [21161.4, 0.16844], [21162.7, 1.07701637], [21162.8, 0.13405964], [21162.9, 1.89669802], [21163.1, 0.10526493], [21163.2, 0.15827], [21163.3, 0.80212], [21163.4, 0.1016], [21163.8, 0.17003], [21164.0, 0.01898284], [21164.1, 1.30525454]],1673975296008,2023-01-17T17:08:16.008Z
BTC/USDT,[[21155.2, 1.5700119], [21155.1, 0.24033272], [21154.9, 0.00999936], [21154.8, 0.02372482], [21154.6, 3.955e-05], [21154.3, 0.56711192], [21154.0, 0.22735], [21153.9, 0.015], [21153.6, 0.00233333], [21153.3, 0.00032206], [21153.1, 0.24000005], [21153.0, 0.6], [21152.7, 0.11120335], [21152.6, 0.16804], [21152.5, 0.00015556], [21152.4, 0.01160479], [21152.3, 1.09011964], [21152.0, 1.88822889], [21151.5, 0.272907], [21150.6, 0.00438112]],[[21155.3, 0.20201188], [21156.5, 0.09167473], [21157.6, 0.1016], [21157.9, 0.02363183], [21158.1, 0.472432], [21158.7, 1.18108], [21159.2, 0.01165541], [21159.9, 0.33113013], [21160.0, 0.82888514], [21160.1, 0.27], [21160.4, 0.02163868], [21160.9, 0.1], [21161.9, 0.01898472], [21162.1, 0.049554], [21162.7, 1.07701637], [21162.8, 0.13405964], [21162.9, 1.57585], [21163.0, 0.02108989], [21163.1, 0.00526493], [21163.2, 0.15827]],1673975297008,2023-01-17T17:08:17.008Z
BTC/USDT,[[21155.2, 2.82297749], [21154.9, 0.06014515], [21154.8, 0.12532482], [21154.6, 3.955e-05], [21153.9, 0.015], [21153.7, 0.004], [21153.6, 0.00233333], [21153.3, 0.47856607], [21153.2, 0.35], [21153.1, 0.24561], [21153.0, 0.6], [21152.7, 0.00960335], [21152.6, 0.16804], [21152.5, 0.00015556], [21152.4, 0.01160479], [21152.3, 1.09011964], [21152.0, 1.88822889], [21151.7, 1.22824992], [21151.5, 0.272907], [21150.6, 0.00038112]],[[21155.3, 0.00426], [21159.5, 0.00647508], [21159.6, 0.02362998], [21160.0, 0.23095682], [21160.1, 0.27], [21160.2, 0.24312916], [21160.9, 0.01165541], [21161.2, 0.79370403], [21161.3, 0.24561], [21161.4, 1.98426], [21162.1, 0.004], [21162.7, 0.90756637], [21162.9, 1.57585], [21163.1, 0.00526493], [21163.2, 0.15827], [21163.6, 0.27040006], [21163.7, 0.676], [21163.8, 0.27163], [21164.3, 0.01898253], [21164.5, 0.17033]],1673975297208,2023-01-17T17:08:17.208Z
BTC/USDT,[[21155.2, 2.84244158], [21154.9, 0.06014515], [21154.8, 0.12532482], [21154.6, 3.955e-05], [21153.9, 0.015], [21153.7, 0.004], [21153.6, 0.00233333], [21153.3, 0.47856607], [21153.2, 0.35], [21153.0, 0.6], [21152.7, 0.00960335], [21152.6, 1.34912], [21152.5, 0.00015556], [21152.4, 0.01160479], [21152.3, 1.09011964], [21152.0, 1.88822889], [21151.7, 0.04716992], [21151.5, 0.343937], [21150.6, 0.00038112], [21150.5, 0.00999936]],[[21155.3, 0.00426], [21159.9, 0.00647508], [21160.0, 0.23495682], [21160.1, 0.27], [21160.2, 0.24312916], [21160.9, 0.01165541], [21161.3, 0.24561], [21161.7, 0.02362763], [21162.2, 1.18108], [21162.6, 0.13406004], [21162.7, 1.71074637], [21162.9, 1.57585], [21163.1, 0.00526493], [21163.2, 0.15827], [21163.6, 0.10865208], [21163.8, 0.27163], [21164.5, 0.17033], [21165.0, 0.01898192], [21165.8, 0.17033], [21165.9, 0.1]],1673975297608,2023-01-17T17:08:17.608Z
BTC/USDT,[[21155.2, 2.84234301], [21154.9, 0.06014515], [21154.8, 0.12532482], [21154.6, 3.955e-05], [21153.9, 0.015], [21153.6, 0.00233333], [21153.4, 0.35], [21153.3, 0.47856607], [21153.2, 0.35], [21153.0, 0.6], [21152.8, 0.004], [21152.7, 0.00960335], [21152.6, 1.34912], [21152.5, 0.24802448], [21152.4, 0.01160479], [21152.3, 1.33326724], [21152.0, 1.88822889], [21151.7, 0.04716992], [21151.5, 0.343937], [21150.6, 0.00038112]],[[21155.3, 0.00426], [21159.8, 0.00026863], [21159.9, 0.00647508], [21160.0, 0.02970514], [21160.2, 0.24312916], [21160.6, 0.01165541], [21161.2, 0.09824409], [21161.3, 0.24561], [21161.7, 0.02362763], [21162.1, 0.35], [21162.2, 1.18108], [21162.6, 0.13406004], [21162.7, 1.71074637], [21162.9, 1.57585], [21163.1, 0.00526493], [21163.2, 0.15827], [21163.6, 0.10865208], [21163.8, 0.27163], [21164.5, 0.17033], [21165.0, 0.01898192]],1673975298058,2023-01-17T17:08:18.058Z
BTC/USDT,[[21155.2, 2.84234301], [21154.9, 0.06014515], [21154.8, 0.12532482], [21154.6, 3.955e-05], [21154.0, 0.354], [21153.9, 0.015], [21153.7, 0.35], [21153.6, 0.00233333], [21153.4, 0.35], [21153.3, 0.47856607], [21153.2, 0.35], [21153.0, 0.6], [21152.7, 0.00960335], [21152.6, 1.34912], [21152.5, 0.00015556], [21152.4, 0.01160479], [21152.3, 1.09011964], [21152.0, 2.13373715], [21151.7, 0.04716992], [21151.5, 0.343937]],[[21155.3, 0.00426], [21157.3, 0.06], [21160.0, 0.02970514], [21160.1, 0.00269872], [21160.2, 0.24312916], [21160.6, 0.01165541], [21161.2, 0.09824409], [21161.3, 0.24561], [21161.7, 0.02362763], [21162.1, 0.35], [21162.2, 1.34786], [21162.6, 0.13406004], [21162.7, 0.90756637], [21162.9, 1.57585], [21163.1, 0.00526493], [21163.2, 0.15827], [21163.6, 0.10865208], [21163.8, 0.27163], [21164.0, 0.1], [21164.1, 0.80318]],1673975298808,2023-01-17T17:08:18.808Z
BTC/USDT,[[21155.2, 2.95381155], [21154.9, 0.00999936], [21154.8, 0.12532482], [21154.6, 3.955e-05], [21154.3, 0.2], [21154.2, 0.14000005], [21154.1, 0.35], [21154.0, 0.354], [21153.9, 0.015], [21153.7, 0.35], [21153.6, 0.00233333], [21153.4, 0.35], [21153.3, 0.47856607], [21153.2, 0.35], [21153.0, 0.6], [21152.7, 0.00960335], [21152.6, 1.34912], [21152.5, 0.00015556], [21152.4, 0.01160479], [21152.3, 1.09011964]],[[21155.3, 0.00426], [21157.3, 0.06], [21158.4, 0.004], [21158.5, 0.209413], [21160.0, 0.02570514], [21160.3, 0.01165541], [21160.8, 0.00212734], [21160.9, 0.35], [21161.0, 0.23824404], [21161.1, 0.35], [21161.3, 0.24561], [21161.7, 0.02362763], [21162.1, 0.35], [21162.2, 1.34786], [21162.6, 0.13406004], [21162.7, 0.90756637], [21162.9, 1.57585], [21163.1, 0.29674896], [21163.2, 0.15827], [21163.4, 0.11757347]],1673975299508,2023-01-17T17:08:19.508Z
BTC/USDT,[[21155.2, 2.95381155], [21154.9, 0.00999936], [21154.8, 0.12532482], [21154.6, 3.955e-05], [21154.5, 0.35], [21154.4, 0.22], [21154.3, 0.2], [21154.1, 0.35], [21154.0, 0.35], [21153.9, 0.015], [21153.8, 0.004], [21153.7, 0.35], [21153.6, 0.00233333], [21153.4, 0.35], [21153.3, 0.47856607], [21153.2, 0.35], [21153.0, 0.6], [21152.7, 0.00960335], [21152.6, 1.34912], [21152.5, 0.00015556]],[[21155.3, 0.00419206], [21158.5, 0.209413], [21159.9, 0.004], [21160.0, 0.03736055], [21160.9, 0.00233743], [21161.0, 0.09824409], [21161.3, 0.24561], [21161.7, 0.02362763], [21162.1, 0.35], [21162.2, 1.34786], [21162.6, 0.13406004], [21162.7, 0.90756637], [21162.9, 1.57585], [21163.1, 0.00526493], [21163.2, 0.15827], [21163.4, 0.11757347], [21163.5, 0.29393348], [21163.8, 0.27163], [21164.0, 0.1], [21164.1, 0.80318]],1673975300008,2023-01-17T17:08:20.008Z
BTC/USDT,[[21155.2, 2.95381155], [21154.9, 0.00999936], [21154.8, 0.12532482], [21154.6, 3.955e-05], [21154.5, 0.35], [21154.4, 0.22], [21154.3, 0.2], [21154.1, 0.35], [21154.0, 0.35], [21153.9, 0.015], [21153.8, 0.004], [21153.7, 0.35], [21153.6, 0.00233333], [21153.4, 0.35], [21153.3, 0.47856607], [21153.2, 0.35], [21153.0, 0.6], [21152.7, 0.00960335], [21152.6, 1.34912], [21152.5, 0.00015556]],[[21155.3, 0.00419206], [21158.5, 0.209413], [21159.9, 0.004], [21160.0, 0.03736055], [21160.9, 0.00233743], [21161.0, 0.09824409], [21161.3, 0.24561], [21161.7, 0.02362763], [21162.1, 0.35], [21162.2, 1.34786], [21162.6, 0.13406004], [21162.7, 0.90756637], [21162.9, 1.57585], [21163.1, 0.00526493], [21163.2, 0.15827], [21163.4, 0.11757347], [21163.5, 0.29393348], [21163.8, 0.27163], [21164.0, 0.1], [21164.1, 0.80318]],1673975300008,2023-01-17T17:08:20.008Z
BTC/USDT,[[21159.9, 3.35138056], [21158.6, 0.004], [21158.5, 0.022], [21158.4, 0.24561], [21158.3, 0.81857417], [21157.6, 0.47243202], [21157.5, 1.18108], [21157.3, 0.17762479], [21156.8, 0.099141], [21155.7, 0.16602], [21155.6, 0.46923608], [21155.3, 0.51396197], [21155.2, 0.99493366], [21155.1, 0.01899083], [21154.9, 0.03363451], [21154.8, 0.40976482], [21154.6, 0.16605955], [21154.5, 0.35], [21154.4, 0.22], [21154.3, 0.2]],[[21160.0, 0.02570514], [21162.4, 0.20849112], [21163.1, 0.00526493], [21164.4, 0.004], [21164.5, 0.01165541], [21165.3, 0.00260281], [21165.4, 0.51045607], [21165.7, 0.24561], [21165.8, 0.80318], [21165.9, 0.02362294], [21166.8, 0.89816875], [21166.9, 0.29520187], [21167.1, 2.24542166], [21167.2, 1.58872071], [21167.3, 0.13879], [21167.5, 0.00931148], [21168.2, 0.27040005], [21168.3, 0.676], [21168.5, 0.17147], [21169.0, 0.17033]],1673975301058,2023-01-17T17:08:21.058Z
BTC/USDT,[[21159.9, 3.35138056], [21158.7, 0.14000004], [21158.6, 0.354], [21158.5, 0.35], [21158.4, 0.24561], [21158.3, 0.81857417], [21157.7, 0.01842401], [21157.6, 0.47243202], [21157.5, 1.18108], [21157.4, 0.03725929], [21157.3, 0.17762479], [21156.8, 0.099141], [21155.7, 0.16602], [21155.6, 0.46923608], [21155.3, 0.51396197], [21155.2, 0.99493366], [21155.1, 0.01899083], [21154.9, 0.03363451], [21154.8, 0.40976482], [21154.6, 0.16605955]],[[21160.0, 0.02570514], [21162.4, 0.20849112], [21163.1, 0.00526493], [21164.4, 0.004], [21164.5, 0.01165541], [21165.3, 0.00121079], [21165.4, 0.29289758], [21165.5, 0.35], [21165.7, 0.37967203], [21165.9, 0.02362294], [21166.8, 0.89816875], [21167.1, 1.18108], [21167.2, 0.80318], [21167.3, 0.42404008], [21167.5, 0.00931148], [21168.0, 0.2730599], [21168.2, 2.17168224], [21168.3, 0.676], [21168.4, 0.1016], [21168.5, 0.17147]],1673975301758,2023-01-17T17:08:21.758Z
BTC/USDT,[[21159.9, 3.35128754], [21158.7, 0.14000004], [21158.6, 0.354], [21158.5, 0.35], [21158.4, 0.24561], [21158.3, 0.81857417], [21157.7, 0.01842401], [21157.6, 0.49443202], [21157.5, 1.18108], [21157.4, 0.03725929], [21157.3, 0.17762479], [21156.8, 0.099141], [21155.7, 0.16602], [21155.6, 0.46923608], [21155.3, 0.51396197], [21155.2, 0.99493366], [21155.1, 0.01899083], [21154.9, 0.03363451], [21154.8, 0.40976482], [21154.6, 0.16605955]],[[21160.0, 0.02570514], [21162.4, 0.20849112], [21163.1, 0.00526493], [21164.4, 0.004], [21164.5, 0.01165541], [21165.3, 0.00121079], [21165.4, 0.29289758], [21165.7, 0.37967203], [21165.9, 0.02362294], [21166.8, 0.89816875], [21167.1, 1.18108], [21167.2, 0.80318], [21167.3, 0.42404008], [21167.5, 0.00931148], [21168.0, 0.2730599], [21168.2, 2.17168224], [21168.3, 0.676], [21168.4, 0.1016], [21168.5, 0.17147], [21168.9, 2.42764497]],1673975302058,2023-01-17T17:08:22.058Z
BTC/USDT,[[21159.9, 3.35128754], [21158.8, 0.35], [21158.7, 0.14000004], [21158.6, 0.354], [21158.5, 0.35], [21158.4, 0.24561], [21158.3, 0.81857417], [21157.7, 0.01842401], [21157.6, 0.49443202], [21157.5, 1.18108], [21157.4, 0.03725929], [21157.3, 0.17762479], [21156.8, 0.099141], [21155.7, 0.16602], [21155.6, 0.46923608], [21155.3, 0.51396197], [21155.2, 0.99493366], [21155.1, 0.01899083], [21154.9, 0.03363451], [21154.8, 0.40976482]],[[21160.0, 0.02570514], [21162.4, 0.20849112], [21163.0, 0.004], [21163.1, 0.00526493], [21164.5, 0.01165541], [21165.3, 0.00121079], [21165.4, 0.29289758], [21165.7, 0.37967203], [21165.9, 0.02362294], [21166.7, 0.35], [21166.8, 0.89816875], [21166.9, 0.1], [21167.1, 1.18108], [21167.2, 0.80318], [21167.3, 0.42404008], [21167.5, 0.00931148], [21168.0, 0.2730599], [21168.2, 2.17168224], [21168.3, 0.676], [21168.4, 0.1016]],1673975302258,2023-01-17T17:08:22.258Z
BTC/USDT,[[21159.9, 3.35128754], [21158.8, 0.35], [21158.7, 0.14000004], [21158.6, 0.35], [21158.5, 0.35], [21158.4, 0.24561], [21158.3, 0.81857417], [21157.7, 0.01842401], [21157.6, 0.49443202], [21157.5, 1.18108], [21157.4, 0.03725929], [21157.3, 0.17762479], [21156.9, 0.004], [21156.8, 0.099141], [21155.7, 0.16602], [21155.6, 0.46923608], [21155.3, 0.51396197], [21155.2, 0.99493366], [21155.1, 0.01899083], [21154.9, 0.03363451]],[[21160.0, 0.02570514], [21162.4, 0.20849112], [21163.1, 0.00526493], [21164.5, 0.01165541], [21165.5, 0.00230975], [21165.6, 0.10769325], [21165.7, 0.24561], [21165.8, 0.004], [21165.9, 0.02362294], [21166.7, 0.41703161], [21166.8, 0.89816875], [21167.1, 1.18108], [21167.2, 0.80318], [21167.3, 0.42404008], [21167.5, 0.00931148], [21167.9, 0.86867298], [21168.0, 0.2730599], [21168.2, 2.17168224], [21168.3, 0.676], [21168.4, 0.1016]],1673975302508,2023-01-17T17:08:22.508Z
BTC/USDT,[[21163.0, 1.554777], [21162.4, 0.24], [21162.3, 0.6], [21160.7, 0.022], [21160.5, 0.01098543], [21160.4, 0.16584], [21160.1, 0.53313993], [21160.0, 0.54946622], [21159.9, 1.43880163], [21159.3, 0.16584], [21159.0, 0.27855745], [21158.9, 0.03358651], [21158.8, 0.35], [21158.7, 0.61403209], [21158.6, 0.35], [21158.5, 1.53108], [21158.3, 0.81145], [21158.2, 0.16584], [21158.1, 0.02363156], [21157.9, 0.01898832]],[[21163.1, 0.29224055], [21166.2, 0.004], [21166.3, 0.24798788], [21167.0, 0.02362163], [21167.2, 0.01165508], [21168.7, 0.00154048], [21168.8, 0.56688205], [21168.9, 0.80318], [21169.5, 1.18108], [21170.0, 0.47243206], [21170.2, 0.16939], [21170.4, 0.29764751], [21170.6, 0.26593097], [21170.8, 0.17033], [21171.5, 2.30570218], [21171.6, 1.03269907], [21171.7, 2.58174764], [21171.8, 0.01897584], [21171.9, 0.27193], [21172.3, 0.048505]],1673975303008,2023-01-17T17:08:23.008Z
BTC/USDT,[[21163.0, 1.554777], [21162.4, 0.24], [21162.3, 0.6], [21160.7, 0.022], [21160.5, 0.36098543], [21160.4, 0.16584], [21160.1, 0.53313993], [21160.0, 0.54946622], [21159.9, 1.43880163], [21159.3, 0.16584], [21158.9, 0.03758651], [21158.8, 0.35], [21158.7, 0.90675348], [21158.6, 0.35], [21158.5, 1.53108], [21158.3, 0.81145], [21158.2, 0.16584], [21158.1, 0.02363156], [21157.9, 0.01898832], [21157.7, 0.01842401]],[[21163.1, 0.29224055], [21166.2, 0.004], [21166.3, 0.24798788], [21167.0, 0.02362163], [21167.2, 0.01165508], [21167.7, 0.06], [21168.5, 0.0006925], [21168.6, 1.031948], [21168.7, 0.35], [21168.8, 0.24561], [21168.9, 1.18108], [21170.2, 0.30345522], [21170.3, 0.92223902], [21170.4, 0.29764751], [21170.6, 0.26593097], [21170.8, 0.17033], [21171.5, 2.36299847], [21171.6, 1.03269907], [21171.7, 2.58174764], [21171.8, 0.01897584]],1673975303508,2023-01-17T17:08:23.508Z
BTC/USDT,[[21166.1, 0.36635986], [21165.5, 0.00405415], [21163.7, 0.35], [21163.6, 0.56683618], [21163.5, 0.16585], [21163.4, 0.40899172], [21163.3, 0.22735], [21163.1, 0.73610222], [21163.0, 0.05902705], [21162.6, 0.004], [21162.4, 0.16585], [21162.3, 0.6], [21161.3, 0.16585], [21160.9, 0.52682165], [21160.8, 1.18108], [21160.7, 0.022], [21160.5, 0.35], [21160.4, 0.16584], [21160.2, 0.35], [21160.1, 0.53313993]],[[21166.2, 1.05316944], [21166.3, 0.24798788], [21169.6, 0.004], [21169.7, 0.02361869], [21169.9, 0.35], [21170.0, 0.37967522], [21170.1, 0.5938141], [21170.3, 0.80318], [21170.8, 0.17033], [21170.9, 1.18108], [21171.4, 0.28324564], [21171.6, 1.03269907], [21171.7, 2.58174764], [21171.8, 0.00958086], [21171.9, 0.27193], [21172.3, 0.048505], [21172.4, 0.01896536], [21173.0, 0.17033], [21174.0, 0.7843361], [21174.1, 0.099346]],1673975304108,2023-01-17T17:08:24.108Z
BTC/USDT,[[21166.1, 0.36635986], [21165.5, 0.00405415], [21163.8, 0.56683729], [21163.7, 0.35], [21163.5, 0.16585], [21163.4, 0.40899172], [21163.3, 0.22735], [21163.1, 0.73610222], [21163.0, 0.05902705], [21162.6, 0.004], [21162.4, 0.16585], [21162.3, 0.6], [21161.3, 0.16585], [21160.9, 0.50784592], [21160.8, 1.18108], [21160.7, 0.022], [21160.5, 0.35], [21160.4, 0.16584], [21160.3, 0.01897623], [21160.2, 0.35]],[[21166.2, 1.02280861], [21166.3, 0.24798788], [21169.6, 0.004], [21169.7, 0.02361869], [21170.0, 0.13406522], [21170.1, 0.5938141], [21170.3, 0.80318], [21170.7, 0.47243204], [21170.8, 0.17033], [21170.9, 1.18108], [21171.4, 0.38324564], [21171.8, 0.91150537], [21171.9, 0.27193], [21172.2, 2.25481115], [21172.3, 0.048505], [21172.4, 0.01896536], [21173.0, 0.17033], [21174.0, 0.7843361], [21174.1, 0.099346], [21174.2, 0.06798]],1673975304308,2023-01-17T17:08:24.308Z
BTC/USDT,[[21166.1, 0.36635986], [21165.5, 0.00405415], [21163.8, 0.56683729], [21163.7, 0.35], [21163.5, 0.16585], [21163.4, 0.40899172], [21163.3, 0.22735], [21163.1, 0.73610222], [21163.0, 0.05902705], [21162.6, 0.004], [21162.4, 0.16585], [21162.3, 0.6], [21161.3, 0.16585], [21160.9, 0.50784592], [21160.8, 1.18108], [21160.7, 0.022], [21160.5, 0.35], [21160.4, 0.16584], [21160.3, 0.01897623], [21160.2, 0.35]],[[21166.2, 1.02280861], [21166.3, 0.24798788], [21169.6, 0.004], [21169.7, 0.02361869], [21170.0, 0.13406522], [21170.1, 0.5938141], [21170.3, 0.80318], [21170.7, 0.47243204], [21170.8, 0.17033], [21170.9, 1.18108], [21171.4, 0.38324564], [21171.8, 0.91150537], [21171.9, 0.27193], [21172.2, 2.25481115], [21172.3, 0.048505], [21172.4, 0.01896536], [21173.0, 0.17033], [21174.0, 0.7843361], [21174.1, 0.099346], [21174.2, 0.06798]],1673975304308,2023-01-17T17:08:24.308Z
BTC/USDT,[[21166.1, 1.79098189], [21165.5, 0.00405415], [21165.0, 0.1016], [21163.8, 0.004], [21163.7, 0.35], [21163.5, 0.17683543], [21163.4, 0.40899172], [21163.1, 0.73610222], [21163.0, 0.05902705], [21162.4, 0.16585], [21162.3, 0.6], [21161.9, 0.01897484], [21161.8, 0.47243202], [21161.7, 1.18108], [21161.3, 0.16585], [21161.0, 0.02481615], [21160.9, 0.05904236], [21160.7, 0.022], [21160.5, 0.35], [21160.4, 0.16584]],[[21166.2, 0.71130861], [21169.4, 0.09894118], [21169.5, 0.2373528], [21169.7, 0.03527377], [21170.0, 0.24561], [21170.1, 0.5938141], [21170.3, 0.80318], [21172.0, 0.93600597], [21172.1, 0.13407179], [21172.3, 1.18108], [21173.1, 0.42203903], [21173.4, 2.37762558], [21173.5, 0.98821227], [21173.6, 2.47053061], [21173.7, 0.01896422], [21173.8, 0.1016], [21174.0, 0.17033], [21174.3, 0.28880002], [21174.5, 0.048683], [21174.7, 0.676]],1673975305058,2023-01-17T17:08:25.058Z
BTC/USDT,[[21166.1, 1.79098189], [21165.5, 0.00405415], [21165.0, 0.1016], [21163.7, 0.354], [21163.6, 0.38558851], [21163.5, 0.52683543], [21163.4, 0.40899172], [21163.1, 0.73610222], [21163.0, 0.05902705], [21162.4, 0.265632], [21162.3, 0.6], [21161.9, 0.01897484], [21161.8, 0.47243202], [21161.7, 1.18108], [21161.3, 0.21301992], [21160.9, 0.05904236], [21160.7, 0.022], [21160.5, 0.35], [21160.4, 0.16584], [21160.2, 0.35]],[[21166.2, 0.71130861], [21169.4, 0.09494118], [21169.5, 0.2373528], [21169.7, 0.02361869], [21170.0, 0.25726508], [21170.1, 0.5938141], [21170.2, 0.004], [21170.3, 0.80318], [21171.9, 0.35], [21172.0, 0.63793205], [21172.2, 0.35], [21172.3, 1.18108], [21173.1, 0.1655], [21173.2, 0.06703769], [21173.3, 1.07712092], [21173.4, 2.6928021], [21173.6, 2.47053061], [21173.7, 0.01896422], [21173.8, 0.1016], [21174.0, 0.17033]],1673975305508,2023-01-17T17:08:25.508Z
BTC/USDT,[[21166.1, 1.18885613], [21165.5, 0.00405415], [21165.2, 0.22671411], [21165.0, 0.1016], [21163.7, 0.354], [21163.6, 0.38558851], [21163.5, 0.51585], [21163.4, 0.40899172], [21163.1, 0.73610222], [21163.0, 0.05902705], [21162.4, 0.265632], [21162.3, 0.6], [21161.8, 0.47243202], [21161.7, 1.18108], [21161.5, 0.01897522], [21161.3, 0.21301992], [21160.9, 0.05904236], [21160.7, 0.022], [21160.5, 0.35], [21160.4, 0.16584]],[[21166.2, 1.05316944], [21167.7, 0.004], [21167.8, 0.25695648], [21169.6, 0.06], [21169.7, 0.02361869], [21170.0, 0.24561], [21170.1, 0.5938141], [21170.3, 0.80318], [21171.5, 0.47243202], [21171.6, 1.18108], [21171.8, 0.14000003], [21171.9, 0.35], [21172.0, 0.1655], [21172.2, 0.35], [21173.1, 0.42448226], [21173.2, 0.06703769], [21173.3, 1.07712092], [21173.4, 2.6928021], [21173.6, 2.47053061], [21173.8, 0.1016]],1673975305908,2023-01-17T17:08:25.908Z
BTC/USDT,[[21166.1, 0.35880186], [21165.5, 0.00405415], [21165.2, 0.22673101], [21165.1, 0.56682733], [21165.0, 0.1016], [21163.7, 0.004], [21163.6, 0.03558851], [21163.5, 0.16585], [21163.4, 0.40899172], [21163.1, 0.73610222], [21163.0, 0.05902705], [21162.5, 0.24000006], [21162.4, 0.265632], [21162.3, 0.6], [21161.8, 0.47243202], [21161.7, 1.18108], [21161.3, 0.21301992], [21160.9, 0.03541389], [21160.7, 0.022], [21160.6, 0.01897592]],[[21166.2, 1.09545588], [21167.8, 0.25695648], [21169.5, 0.004], [21169.6, 0.06], [21169.7, 0.02361869], [21170.0, 0.24561], [21170.1, 0.5938141], [21170.3, 0.80318], [21171.0, 0.16602], [21171.1, 1.18108], [21171.4, 0.35], [21171.5, 0.47243202], [21171.8, 0.14000003], [21171.9, 0.35], [21172.0, 0.1655], [21172.2, 0.35], [21173.1, 0.42448226], [21173.2, 0.06703769], [21173.3, 1.07712092], [21173.4, 2.6928021]],1673975306308,2023-01-17T17:08:26.308Z
BTC/USDT,[[21166.1, 0.35880186], [21165.5, 0.00405415], [21165.4, 0.2267314], [21165.1, 0.56682844], [21165.0, 0.1016], [21163.6, 0.03558851], [21163.5, 0.16585], [21163.4, 0.40899172], [21163.1, 0.73610222], [21163.0, 0.05902705], [21162.6, 0.004], [21162.5, 0.24000006], [21162.4, 0.265632], [21162.3, 0.6], [21161.8, 0.47243202], [21161.7, 1.18108], [21161.3, 0.21301992], [21160.9, 0.03541389], [21160.7, 0.022], [21160.5, 0.35]],[[21166.2, 1.09316944], [21167.7, 0.004], [21167.8, 0.25695648], [21169.6, 0.06], [21169.7, 0.02361869], [21170.0, 0.24561], [21170.1, 0.5938141], [21170.3, 0.80318], [21171.0, 0.638452], [21171.1, 1.18108], [21171.4, 0.35], [21171.8, 0.14000003], [21171.9, 0.35], [21172.0, 0.1655], [21172.2, 0.35], [21173.1, 0.42448226], [21173.2, 0.06703769], [21173.3, 1.09608545], [21173.4, 2.6928021], [21173.6, 2.47053061]],1673975306608,2023-01-17T17:08:26.608Z
BTC/USDT,[[21166.1, 0.51158186], [21165.5, 0.00405415], [21165.1, 0.26737099], [21165.0, 0.1016], [21164.7, 0.56682733], [21164.6, 0.00941368], [21163.6, 0.38558851], [21163.5, 0.16585], [21163.4, 0.40899172], [21163.1, 0.73610222], [21163.0, 0.05902705], [21162.5, 0.24400007], [21162.4, 0.265632], [21162.3, 0.6], [21161.3, 0.21301992], [21160.9, 0.03541389], [21160.7, 0.022], [21160.5, 0.35], [21160.4, 0.16584], [21160.2, 0.35]],[[21166.2, 1.09703416], [21167.7, 0.004], [21167.8, 0.25695648], [21168.2, 0.02362033], [21169.6, 0.06], [21169.9, 0.35], [21170.0, 0.59561], [21170.1, 0.793704], [21170.3, 0.80318], [21170.5, 1.18108], [21171.0, 0.30602008], [21171.4, 0.35], [21171.8, 0.14000003], [21171.9, 0.35], [21172.0, 0.1655], [21172.2, 0.35], [21172.3, 0.01896547], [21173.1, 0.42448226], [21173.2, 0.06703769], [21173.3, 1.07712092]],1673975307408,2023-01-17T17:08:27.408Z
BTC/USDT,[[21166.1, 0.51158186], [21165.5, 0.00405415], [21165.1, 0.26737099], [21165.0, 0.1016], [21164.7, 0.56682733], [21164.6, 0.00941368], [21163.6, 0.38558851], [21163.5, 0.51585], [21163.4, 0.40899172], [21163.1, 0.73610222], [21163.0, 0.08222455], [21162.5, 0.24400007], [21162.4, 0.265632], [21162.3, 0.6], [21161.3, 0.21301992], [21160.9, 0.03541389], [21160.7, 0.022], [21160.5, 0.35], [21160.4, 0.16584], [21160.2, 0.35]],[[21166.2, 1.09703416], [21167.7, 0.004], [21167.8, 0.25695648], [21168.2, 0.02362033], [21169.6, 0.06], [21169.9, 0.35], [21170.0, 0.59561], [21170.1, 0.793704], [21170.2, 0.35], [21170.3, 0.80318], [21170.5, 1.18108], [21171.0, 0.30602008], [21171.4, 0.35], [21171.8, 0.14000003], [21171.9, 0.35], [21172.0, 0.1655], [21172.2, 0.35], [21173.1, 0.42448226], [21173.2, 0.06703769], [21173.3, 1.07712092]],1673975307508,2023-01-17T17:08:27.508Z
BTC/USDT,[[21166.1, 0.50936058], [21165.5, 0.00405415], [21165.0, 0.1016], [21163.7, 0.56680519], [21163.6, 0.03558851], [21163.5, 0.16585], [21163.4, 0.40899172], [21163.1, 0.73610222], [21163.0, 0.08222455], [21162.5, 0.004], [21162.4, 0.265632], [21162.3, 0.6], [21161.4, 0.08520799], [21161.3, 0.21301992], [21160.9, 0.03541389], [21160.7, 0.022], [21160.5, 0.35], [21160.4, 0.16584], [21160.2, 0.60504842], [21160.1, 0.97120809]],[[21166.2, 1.09703416], [21167.8, 0.25695648], [21168.2, 0.02362033], [21169.4, 0.08000002], [21169.5, 0.2], [21169.6, 0.06], [21169.9, 1.06067604], [21170.0, 0.59561], [21170.2, 0.35], [21170.3, 1.98426], [21171.0, 0.30602008], [21171.4, 0.35], [21171.8, 0.14000003], [21171.9, 0.35], [21172.0, 0.1655], [21172.2, 0.35], [21172.4, 0.01896542], [21172.6, 0.049992], [21173.1, 0.99128745], [21173.2, 0.06703769]],1673975308008,2023-01-17T17:08:28.008Z
BTC/USDT,[[21166.1, 0.50936058], [21165.5, 0.00405415], [21165.0, 0.1016], [21163.7, 0.56680519], [21163.6, 0.03558851], [21163.5, 0.16585], [21163.4, 0.40899172], [21163.1, 0.73610222], [21163.0, 0.08222455], [21162.5, 0.004], [21162.4, 0.265632], [21162.3, 0.6], [21161.4, 0.08520799], [21161.3, 0.21301992], [21160.9, 0.03541389], [21160.7, 0.022], [21160.5, 0.35], [21160.4, 0.16584], [21160.2, 0.60504842], [21160.1, 0.97120809]],[[21166.2, 1.09703416], [21167.8, 0.25695648], [21168.2, 0.02362033], [21169.4, 0.08000002], [21169.5, 0.2], [21169.6, 0.06], [21169.9, 1.06067604], [21170.0, 0.59561], [21170.2, 0.35], [21170.3, 1.98426], [21171.0, 0.30602008], [21171.4, 0.35], [21171.8, 0.14000003], [21171.9, 0.35], [21172.0, 0.1655], [21172.2, 0.35], [21172.4, 0.01896542], [21172.6, 0.049992], [21173.1, 0.99128745], [21173.2, 0.06703769]],1673975308008,2023-01-17T17:08:28.008Z
BTC/USDT,[[21166.1, 0.50936058], [21166.0, 0.0021379], [21165.9, 0.22672876], [21165.8, 0.5668218], [21165.5, 0.00405415], [21165.0, 0.1016], [21164.1, 0.0094566], [21163.6, 0.38558851], [21163.5, 0.16585], [21163.4, 0.40899172], [21163.1, 0.73610222], [21163.0, 0.08222455], [21162.5, 0.24400008], [21162.4, 0.265632], [21162.3, 0.6], [21161.3, 0.21301992], [21160.9, 0.13648872], [21160.8, 0.27166265], [21160.7, 0.022], [21160.6, 0.2739409]],[[21166.2, 1.09316944], [21167.8, 0.25695648], [21168.1, 0.004], [21168.2, 0.02362033], [21169.8, 0.35], [21169.9, 0.71067604], [21170.0, 0.24561], [21170.3, 1.98426], [21171.0, 0.16602], [21171.3, 0.14000003], [21171.4, 0.35], [21171.8, 0.14000003], [21171.9, 0.35], [21172.0, 0.2655], [21172.2, 0.35], [21172.6, 0.049992], [21173.0, 0.01896484], [21173.1, 0.42448226], [21173.2, 0.06703769], [21173.3, 1.07712092]],1673975308708,2023-01-17T17:08:28.708Z
BTC/USDT,[[21166.1, 1.21724827], [21166.0, 0.0021379], [21165.5, 0.00405415], [21165.2, 0.22672879], [21165.0, 0.1016], [21164.1, 0.0094566], [21163.6, 0.38558851], [21163.5, 0.51585], [21163.4, 0.40899172], [21163.1, 0.73610222], [21163.0, 0.08222455], [21162.5, 0.24400008], [21162.4, 0.265632], [21162.3, 0.6], [21161.3, 0.21301992], [21160.9, 0.13648872], [21160.8, 0.25268686], [21160.7, 0.04097588], [21160.6, 0.2739409], [21160.5, 0.35]],[[21166.2, 0.71130861], [21167.8, 0.25695648], [21168.2, 0.02362033], [21169.8, 0.004], [21169.9, 0.71067604], [21170.0, 0.24561], [21170.3, 0.80318], [21171.2, 0.47243209], [21171.3, 1.18108], [21171.8, 0.14000003], [21172.0, 0.2655], [21172.2, 0.35], [21173.0, 0.01896484], [21173.1, 0.42448226], [21173.2, 0.06703769], [21173.3, 1.07712092], [21173.4, 2.6928021], [21173.6, 2.47053061], [21174.0, 0.17033], [21174.3, 0.28880002]],1673975309008,2023-01-17T17:08:29.008Z
BTC/USDT,[[21166.1, 0.6504309], [21166.0, 0.0021379], [21165.5, 0.00405415], [21165.2, 0.22672653], [21165.1, 0.56681626], [21165.0, 0.1016], [21164.1, 0.0094566], [21163.6, 0.38558851], [21163.5, 0.51585], [21163.4, 0.40899172], [21163.2, 0.35], [21163.1, 0.73610222], [21163.0, 0.08222455], [21162.5, 0.004], [21162.4, 0.265632], [21162.3, 0.6], [21161.3, 0.21301992], [21160.9, 0.13648872], [21160.8, 0.25268686], [21160.7, 0.04097582]],[[21166.2, 0.71130861], [21167.8, 0.25695648], [21168.1, 0.004], [21169.4, 0.02361903], [21169.6, 0.06], [21169.7, 0.23824402], [21169.8, 0.35], [21170.0, 0.24561], [21171.1, 0.35], [21171.2, 0.47243209], [21171.3, 1.18108], [21171.8, 0.14000003], [21171.9, 0.80318], [21172.0, 0.2655], [21172.2, 0.35], [21173.0, 0.01896484], [21173.1, 0.42448226], [21173.2, 0.06703769], [21173.3, 1.07712092], [21173.4, 2.6928021]],1673975309408,2023-01-17T17:08:29.408Z
BTC/USDT,[[21166.1, 1.21722723], [21166.0, 0.0021379], [21165.6, 0.22834822], [21165.5, 0.00405415], [21165.0, 0.1016], [21164.2, 0.004], [21164.1, 0.0094566], [21163.7, 0.35], [21163.6, 0.38558851], [21163.5, 0.51585], [21163.4, 0.50532191], [21163.2, 0.35], [21163.1, 0.73610222], [21163.0, 1.26330455], [21162.4, 0.265632], [21162.3, 0.6], [21161.3, 0.25562326], [21160.9, 0.13648864], [21160.8, 0.25268686], [21160.7, 0.022]],[[21166.2, 0.71130861], [21167.8, 0.25695648], [21170.7, 0.37187759], [21170.8, 0.35], [21170.9, 0.004], [21171.0, 0.16665], [21171.1, 0.35], [21171.7, 0.35], [21171.8, 0.56688208], [21171.9, 0.80318], [21172.0, 0.1655], [21172.2, 0.35], [21172.4, 1.18108], [21173.1, 0.42448226], [21173.2, 0.06703769], [21173.3, 1.07712092], [21173.4, 2.6928021], [21173.6, 2.47053061], [21174.0, 0.17033], [21174.3, 0.28880002]],1673975310108,2023-01-17T17:08:30.108Z
BTC/USDT,[[21166.1, 1.07615691], [21166.0, 0.0021379], [21165.5, 0.00405415], [21165.0, 0.1016], [21164.3, 0.03763685], [21164.1, 0.0094566], [21163.7, 0.35], [21163.6, 0.35], [21163.5, 0.51585], [21163.4, 0.50532191], [21163.2, 0.35], [21163.1, 0.73610222], [21163.0, 0.08222455], [21162.5, 0.004], [21162.4, 0.265632], [21162.3, 0.6], [21161.4, 0.47243207], [21161.3, 0.25562326], [21161.2, 1.18108], [21160.9, 0.03541389]],[[21166.2, 1.06280861], [21167.8, 0.25695648], [21169.3, 0.004], [21169.5, 0.02361889], [21170.5, 0.14000008], [21170.6, 0.35], [21170.7, 0.61243202], [21170.8, 0.35], [21171.1, 1.53108], [21171.7, 0.35], [21171.8, 0.56688208], [21171.9, 0.80318], [21172.0, 0.1655], [21172.2, 0.35], [21173.1, 0.42448226], [21173.2, 0.06703769], [21173.3, 1.07712092], [21173.4, 2.6928021], [21173.6, 2.47053061], [21174.0, 0.27033]],1673975310608,2023-01-17T17:08:30.608Z
